34200.004241176,1,16113575,18,5853300,1
34200.00426064,1,16113584,18,5853200,1
34200.004447484,1,16113594,18,5853100,1
34200.025551909,1,16120456,18,5859100,-1
34200.025579546,1,16120480,18,5859200,-1
34200.025613151,1,16120503,18,5859300,-1
34200.050241056,1,16127688,100,5850000,1
34200.074199216,3,13919004,100,5876500,-1
34200.074255868,3,13919027,200,5876500,-1
34200.074293487,3,13919011,860,5876500,-1
34200.201517942,1,16166035,100,5859300,-1
34200.20157387,1,16166067,5,6989500,-1
34200.201616804,1,16166083,10,6500000,-1
34200.201696871,1,16166108,5,5770000,1
34200.201735987,3,16113594,18,5853100,1
34200.201742395,3,16113584,18,5853200,1
34200.201743336,3,16120456,18,5859100,-1
34200.201768069,3,16120503,18,5859300,-1
34200.201780978,3,16120480,18,5859200,-1
34200.20196619,1,16166175,2,5849900,1
34200.201989195,1,16166186,10,4770000,1
34200.202076663,1,16166226,2,5784900,1
34200.205573445,1,16167159,18,5853600,1
34200.2055966,1,16167166,18,5853500,1
34200.271739507,1,3647217,20,5857300,1
34200.271739507,1,5740544,40,5857400,-1
34200.271739507,1,2109823,50,5857000,1
34200.271739507,1,3570647,50,5857500,-1
34200.271739507,1,3237773,20,5856900,1
34200.271739507,1,3647221,5,5857500,-1
34200.271739507,1,3583158,5,5856500,1
34200.271739507,1,3647222,7,5857500,-1
34200.271739507,1,3647220,20,5856400,1
34200.271739507,1,5230851,20,5857500,-1
34200.271739507,1,4731250,3,5856000,1
34200.271739507,1,1373927,25,5857800,-1
34200.271739507,1,1601225,20,5857800,-1
34200.271739507,1,2606421,4,5858000,-1
34200.271739507,1,1364835,5,5858200,-1
34200.271739507,1,7277867,7,5858300,-1
34200.274847385,3,16167159,18,5853600,1
34200.274847884,3,16113575,18,5853300,1
34200.274930282,3,16167166,18,5853500,1
34200.275016159,4,5740544,40,5857400,-1
34200.275016159,4,3570647,25,5857500,-1
34200.275054698,1,16182611,200,5873000,-1
34200.275057494,4,3647217,1,5857300,1
34200.275063291,4,3647217,10,5857300,1
34200.275064089,1,16182617,1000,5740000,1
34200.275072491,4,3570647,25,5857500,-1
34200.275072491,4,3647221,5,5857500,-1
34200.275072491,4,3647222,7,5857500,-1
34200.275072491,4,5230851,20,5857500,-1
34200.275072491,4,1373927,25,5857800,-1
34200.275072491,4,1601225,20,5857800,-1
34200.275072491,5,0,100,5857900,-1
34200.275072491,4,2606421,4,5858000,-1
34200.275072491,4,1364835,5,5858200,-1
34200.275072491,4,7277867,7,5858300,-1
34200.275072491,5,0,3,5859000,-1
34200.275072491,5,0,200,5859000,-1
34200.275072491,5,0,1,5859100,-1
34200.275072491,5,0,1,5859200,-1
34200.275072491,5,0,300,5859200,-1
34200.275072491,4,16166035,37,5859300,-1
34200.275084245,1,16182626,65,5997500,-1
34200.275086737,1,16182629,100,5852500,1
34200.275087604,1,16182630,10,5500000,1
34200.275090915,1,16182633,40,5900000,-1
34200.275123235,1,16182649,50,5857400,1
34200.275590556,1,16182791,100,6200000,-1
34200.275667588,1,16182821,100,5300000,1
34200.275673113,1,16182824,100,5300000,1
34200.276996056,3,15836274,100,5833600,1
34200.27720806,3,15836282,100,5868900,-1
34200.277639373,3,15847376,100,5838600,1
34200.27769919,3,15847383,100,5873900,-1
34200.28039589,1,16183794,18,5857700,1
34200.280424426,1,16183801,18,5857600,1
34200.280445789,1,16183806,18,5857500,1
34200.293839785,1,16186225,100,5857000,1
34200.347390612,1,16196199,100,5859300,-1
34200.358687488,4,16166035,4,5859300,-1
34200.372151543,1,16201512,100,6150300,-1
34200.393802798,1,16207125,100,5859400,-1
34200.393976201,3,16182649,50,5857400,1
34200.39400159,3,16183801,18,5857600,1
34200.394003147,3,16183806,18,5857500,1
34200.394047899,1,16207170,100,5859900,-1
34200.395116567,1,16207442,200,5859800,-1
34200.417746832,4,16183794,18,5857700,1
34200.417746832,4,3647217,9,5857300,1
34200.417746832,5,0,23,5857200,1
34200.418943908,5,0,77,5857200,1
34200.418943908,4,2109823,23,5857000,1
34200.419089711,1,16211220,18,5859200,-1
34200.459503459,3,16186225,100,5857000,1
34200.459699729,1,16220046,100,5854500,1
34200.484612533,1,16225065,300,5870000,-1
34200.484767735,1,16225109,300,5870000,-1
34200.502025984,3,16220046,100,5854500,1
34200.544528304,1,16235607,5,5863300,-1
34200.58086015,3,14457628,100,6961500,-1
34200.581743625,1,16242995,100,5400000,1
34200.581764133,1,16243008,100,6313600,-1
34200.593844948,1,16245465,10,5870700,-1
34200.610599577,3,16196199,100,5859300,-1
34200.610751386,3,16211220,18,5859200,-1
34200.615388767,1,16249592,100,5854400,1
34200.641110947,1,16254041,20,5820600,1
34200.641336014,1,16254082,20,5888200,-1
34200.680210955,1,16261926,50,5849000,1
34200.698811337,1,16265081,100,5854500,1
34200.701389248,1,16265573,100,5858700,-1
34200.702573634,1,16265761,67,5854400,1
34200.702639853,1,16265779,20,5803700,1
34200.702722061,1,16265794,20,5905100,-1
34200.763059946,4,2109823,1,5857000,1
34200.833565295,3,16265081,100,5854500,1
34200.833761339,1,16284218,100,5857000,1
34200.834524603,3,16284218,100,5857000,1
34200.834769362,1,16284304,100,5854500,1
34200.887406162,5,0,47,5858600,-1
34200.887488522,1,16291236,18,5857000,1
34200.887548747,1,16291244,18,5857100,1
34200.88823905,3,16284304,100,5854500,1
34200.888356919,1,16291389,100,5856000,1
34200.888641822,3,16291389,100,5856000,1
34200.888800256,1,16291456,100,5856100,1
34200.911977878,1,16294463,100,5857400,1
34200.918220904,1,16295892,100,5858900,-1
34200.920654944,1,16296644,100,6200000,-1
34200.96295406,3,15469408,150,5853000,1
34201.00965512,5,0,200,5857500,1
34201.00965512,5,0,300,5857500,1
34201.0098547,3,16291236,18,5857000,1
34201.009876509,3,16291244,18,5857100,1
34201.011225241,3,16291456,100,5856100,1
34201.011352575,4,16294463,100,5857400,1
34201.011358882,1,16309766,100,5854200,1
34201.014980201,4,2109823,26,5857000,1
34201.015080514,4,3237773,20,5856900,1
34201.015180053,1,16310817,18,5856600,1
34201.015508486,3,16309766,100,5854200,1
34201.015781125,1,16310958,100,5854600,1
34201.01601494,3,16310958,100,5854600,1
34201.01616858,1,16311061,100,5855400,1
34201.0316505,3,16311061,100,5855400,1
34201.03180654,1,16314560,100,5855600,1
34201.043832887,1,16316688,18,5856900,1
34201.045274853,3,16314560,100,5855600,1
34201.045527313,1,16316953,100,5855100,1
34201.151828026,1,3647224,15,5855900,1
34201.151828026,1,4566937,5,5859800,-1
34201.151828026,1,4725584,1,5855500,1
34201.151828026,1,4725977,15,5859900,-1
34201.151828026,1,2118573,9,5855000,1
34201.151828026,1,2109819,100,5860000,-1
34201.151828026,1,3562118,5,5855000,1
34201.151828026,1,2126847,120,5860000,-1
34201.151828026,1,9480911,25,5855000,1
34201.151828026,1,2851758,3,5860000,-1
34201.151828026,1,13419503,50,5854000,1
34201.151828026,1,2881480,25,5860000,-1
34201.151828026,1,3790155,20,5853800,1
34201.151828026,1,3305469,20,5860000,-1
34201.151828026,1,4725582,2,5853800,1
34201.151828026,1,3559332,3,5860000,-1
34201.151828026,1,12695153,5,5853600,1
34201.151828026,1,3569136,8,5860000,-1
34201.151828026,1,3647225,20,5860000,-1
34201.151828026,1,3689528,65,5860000,-1
34201.151828026,1,4730816,50,5860000,-1
34201.151828026,1,4985450,10,5860000,-1
34201.151828026,1,5395985,1,5860000,-1
34201.151828026,1,6325489,500,5860000,-1
34201.151828026,1,9433882,35,5860000,-1
34201.151828026,1,9303209,18,5865000,-1
34201.151828026,1,10296777,40,5865000,-1
34201.151828026,1,1365134,4,5865700,-1
34201.151828026,1,3647227,80,5866000,-1
34201.160865762,3,16316953,100,5855100,1
34201.161036737,1,16335544,100,5855000,1
34201.171165592,3,16335544,100,5855000,1
34201.171269639,3,16310817,18,5856600,1
34201.171271698,3,16316688,18,5856900,1
34201.171316864,1,16337151,100,5854700,1
34201.17297637,4,3583158,5,5856500,1
34201.17297637,4,3647220,20,5856400,1
34201.17297637,4,4731250,3,5856000,1
34201.17297637,4,3647224,15,5855900,1
34201.17297637,4,4725584,1,5855500,1
34201.17297637,4,2118573,9,5855000,1
34201.17297637,4,3562118,5,5855000,1
34201.17297637,4,9480911,25,5855000,1
34201.17297637,5,0,17,5855000,1
34201.173094452,1,16337399,18,5858700,-1
34201.1731408,1,16337407,5,5858600,-1
34201.173141799,1,16337408,13,5858600,-1
34201.173174928,1,16337414,18,5854800,1
34201.17320583,1,16337423,18,5858400,-1
34201.173235656,1,16337430,18,5858500,-1
34201.173275985,1,16337440,3,5858600,-1
34201.174179399,3,16337151,100,5854700,1
34201.174431517,1,16337597,100,5854200,1
34201.183611554,5,0,53,5855000,1
34201.183713008,1,16338748,15,5854900,1
34201.18569242,1,16339076,100,6003800,-1
34201.186901972,1,16339262,66,6000000,-1
34201.188030854,5,0,20,5855000,1
34201.188124042,1,16339418,15,5858300,-1
34201.332453905,3,15693613,409,5834600,1
34201.383969258,3,16207170,100,5859900,-1
34201.384145378,3,16337414,18,5854800,1
34201.384146714,3,16337399,18,5858700,-1
34201.384168451,3,16337423,18,5858400,-1
34201.384171513,3,16337407,5,5858600,-1
34201.384173402,3,16337408,13,5858600,-1
34201.384201303,3,16337430,18,5858500,-1
34201.384201862,3,16337440,3,5858600,-1
34201.384238778,3,16338748,15,5854900,1
34201.385122778,3,16207125,100,5859400,-1
34201.385872716,3,16207442,200,5859800,-1
34201.39750588,1,16365896,100,5858000,-1
34201.422204025,1,16368700,200,5858900,-1
34201.422300991,3,16339418,15,5858300,-1
34201.476285699,1,16374467,50,5720000,1
34201.536315252,1,16380157,18,5857700,-1
34201.536372648,1,16380182,18,5857800,-1
34201.536410771,1,16380189,18,5857900,-1
34201.536412448,1,16380190,18,5858000,-1
34201.617248379,3,1903538,100,5870000,-1
34201.732217592,1,16396043,18,5854700,1
34201.732253626,1,16396051,5,5854600,1
34201.732358753,3,16380189,18,5857900,-1
34201.73236517,3,16380157,18,5857700,-1
34201.732368385,3,16380182,18,5857800,-1
34201.732392812,3,16380190,18,5858000,-1
34201.781385826,1,16399505,50,5600000,1
34201.810697217,1,16400908,4,5869000,-1
34201.817425308,1,16401226,300,5840100,1
34201.830494548,1,16401966,20,5820000,1
34201.839752148,1,16402559,10,5875000,-1
34201.840762287,1,16402634,18,5857700,-1
34201.840808542,1,16402643,18,5857800,-1
34201.840818555,1,16402646,18,5857900,-1
34201.840851751,1,16402650,18,5858000,-1
34201.841350534,1,16402700,10,5980000,-1
34201.848053345,1,16403136,3,5700000,1
34201.874943562,1,16405027,300,5450000,1
34201.886149879,1,16405587,98,5750000,1
34201.88624752,1,16405593,100,5460000,1
34201.892696537,1,16405849,600,5889400,-1
34201.895059225,1,16405923,1200,5760000,1
34201.905465693,1,16406396,10,6000000,-1
34201.982908262,1,16411143,225,5990000,-1
34202.030342281,4,16396043,18,5854700,1
34202.030342281,4,16396051,5,5854600,1
34202.030342281,5,0,77,5854500,1
34202.030451996,1,16415481,13,5857600,-1
34202.030592674,3,16402646,18,5857900,-1
34202.030597882,3,16402643,18,5857800,-1
34202.030618578,3,16402650,18,5858000,-1
34202.034349986,1,16415792,18,5857300,-1
34202.034385712,1,16415796,18,5857500,-1
34202.034400011,1,16415798,18,5857400,-1
34202.034430195,1,16415801,9,5857600,-1
34202.089196749,1,16419186,5,5450000,1
34202.179737249,5,0,200,5854600,1
34202.179947146,3,16402634,18,5857700,-1
34202.179949106,3,16415796,18,5857500,-1
34202.17997144,3,16415481,13,5857600,-1
34202.179972369,3,16415801,9,5857600,-1
34202.179996508,3,16415798,18,5857400,-1
34202.180375735,1,16426495,60,5870000,-1
34202.190174677,1,16428667,2000,5840000,1
34202.219518254,3,16235607,5,5863300,-1
34202.238111339,1,16440769,200,5970000,-1
34202.241605507,1,16441754,100,5785500,1
34202.255253777,5,0,4,5854500,1
34202.255253777,5,0,26,5854500,1
34202.255342116,1,16445672,18,5857300,-1
34202.25538437,1,16445684,10,5857200,-1
34202.255391393,1,16445687,8,5857200,-1
34202.255445644,1,16445707,18,5857200,-1
34202.259088333,1,16446663,100,5870000,-1
34202.260745221,3,16337597,100,5854200,1
34202.263283768,1,16447901,100,5898500,-1
34202.264625724,1,16448284,100,5450000,1
34202.266884409,1,16448955,100,5450000,1
34202.269697512,1,16449896,100,5854400,1
34202.272992647,3,16449896,100,5854400,1
34202.274476054,1,16450945,100,5854200,1
34202.312874521,1,16457080,100,5900000,-1
34202.383483898,3,16368700,200,5858900,-1
34202.383613299,3,16445687,8,5857200,-1
34202.383614811,3,16445707,18,5857200,-1
34202.383618942,3,16415792,18,5857300,-1
34202.383620122,3,16445672,18,5857300,-1
34202.383643886,3,16445684,10,5857200,-1
34202.38517469,1,16467671,100,5858100,-1
34202.491436937,3,16450945,100,5854200,1
34202.491574399,1,16479076,100,5856900,1
34202.491899451,3,16479076,100,5856900,1
34202.492023165,1,16479170,100,5854200,1
34202.550986313,1,16485127,100,5503100,1
34202.565551981,1,16486693,18,5857700,-1
34202.565614779,1,16486703,8,5857900,-1
34202.565632045,1,16486709,18,5857800,-1
34202.565655722,1,16486714,10,5857900,-1
34202.565666844,1,16486717,18,5858000,-1
34202.57908587,3,16479170,100,5854200,1
34202.579213337,1,16488533,100,5854700,1
34202.682315289,1,16497956,18,5857400,-1
34202.682348971,1,16497960,4,5857500,-1
34202.682449351,3,16486703,8,5857900,-1
34202.682454219,3,16486709,18,5857800,-1
34202.682455457,3,16486714,10,5857900,-1
34202.682477482,3,16486717,18,5858000,-1
34202.682720418,1,16497983,18,5857100,-1
34202.682743247,1,16497988,2,5857200,-1
34202.737723008,1,16502634,100,5857100,-1
34202.75688423,1,16504889,18,5856800,-1
34202.756909029,1,16504892,16,5856900,-1
34203.011800486,3,16488533,100,5854700,1
34203.011926972,4,16504889,18,5856800,-1
34203.011926972,4,16504892,16,5856900,-1
34203.011926972,1,16527925,66,5857000,1
34203.011987557,3,16486693,18,5857700,-1
34203.011988208,3,16497956,18,5857400,-1
34203.011990228,3,16497960,4,5857500,-1
34203.011990843,3,16497988,2,5857200,-1
34203.012001355,3,16497983,18,5857100,-1
34203.012050158,4,16527925,66,5857000,1
34203.012287906,1,16527982,18,5854500,1
34203.08949192,1,16535218,18,5856800,-1
34203.089511576,1,16535225,18,5856900,-1
34203.089539994,1,16535228,18,5857000,-1
34203.089562562,1,16535234,18,5857100,-1
34203.122241619,1,16538191,10,5854600,1
34203.12232224,3,16527982,18,5854500,1
34203.132689191,1,16539283,12,5856500,-1
34203.295569158,4,16539283,12,5856500,-1
34203.295569158,4,16535218,18,5856800,-1
34203.295665697,1,16554356,18,5854600,1
34203.295815832,3,16535228,18,5857000,-1
34203.295825553,3,16535225,18,5856900,-1
34203.295826267,3,16535234,18,5857100,-1
34203.32184964,1,16556387,100,5853700,1
34203.324279569,5,0,26,5857000,-1
34203.324279569,5,0,44,5857000,-1
34203.32437532,1,16556599,10,5854700,1
34203.346200887,3,16485127,100,5503100,1
34203.346380559,1,16558679,100,5503100,1
34203.407470515,1,16563530,18,5856800,-1
34203.407505157,1,16563536,18,5856900,-1
34203.407510264,1,16563538,18,5857000,-1
34203.40754895,1,16563541,16,5857100,-1
34203.59994379,1,11599111,230,5853000,1
34203.59994379,1,10795752,250,5867500,-1
34203.59994379,1,13126986,10,5851700,1
34203.59994379,1,1918308,30,5868000,-1
34203.59994379,1,3647226,1,5850500,1
34203.59994379,1,1918106,100,5868600,-1
34203.59994379,1,12040928,2,5850400,1
34203.59994379,1,11368988,20,5869000,-1
34203.59994379,1,1366993,4,5850000,1
34203.59994379,1,2050120,17,5870000,-1
34203.59994379,1,1370558,3,5850000,1
34203.59994379,1,2134900,40,5870000,-1
34203.59994379,1,1668565,5,5850000,1
34203.59994379,1,2681097,300,5870000,-1
34203.59994379,1,2114188,2,5850000,1
34203.59994379,1,3272621,50,5870000,-1
34203.59994379,1,2117274,30,5850000,1
34203.59994379,1,3554411,14,5870000,-1
34203.59994379,1,2127309,5,5850000,1
34203.59994379,1,3562673,75,5870000,-1
34203.59994379,1,2776078,5,5850000,1
34203.59994379,1,3566430,150,5870000,-1
34203.59994379,1,2854293,10,5850000,1
34203.59994379,1,3647238,20,5870000,-1
34203.59994379,1,3171647,5,5850000,1
34203.59994379,1,3647240,15,5870000,-1
34203.59994379,1,3172468,5,5850000,1
34203.59994379,1,5049505,70,5870000,-1
34203.59994379,1,3184267,5,5850000,1
34203.59994379,1,5926279,2,5870000,-1
34203.59994379,1,3304030,4,5850000,1
34203.59994379,1,9486047,27,5870000,-1
34203.59994379,1,3549791,36,5850000,1
34203.59994379,1,9702616,15,5870000,-1
34203.59994379,1,3561189,1,5850000,1
34203.59994379,1,11587707,100,5870000,-1
34203.59994379,1,3585371,10,5850000,1
34203.59994379,1,12759816,5,5870000,-1
34203.59994379,1,3647228,98,5850000,1
34203.59994379,1,1996321,1000,5872200,-1
34203.59994379,1,3647230,6,5850000,1
34203.59994379,1,3647231,10,5850000,1
34203.59994379,1,3647232,5,5850000,1
34203.59994379,1,3647233,3,5850000,1
34203.59994379,1,3647235,10,5850000,1
34203.59994379,1,3647236,5,5850000,1
34203.59994379,1,3647237,5,5850000,1
34203.59994379,1,3688678,65,5850000,1
34203.59994379,1,4406694,6,5850000,1
34203.59994379,1,4725562,25,5850000,1
34203.59994379,1,4726308,6,5850000,1
34203.59994379,1,4727127,8,5850000,1
34203.59994379,1,4731365,10,5850000,1
34203.59994379,1,6057645,300,5850000,1
34203.59994379,1,7552794,40,5850000,1
34203.59994379,1,10138545,800,5850000,1
34203.59994379,1,10183494,3349,5850000,1
34203.59994379,1,11592601,15,5850000,1
34203.59994379,1,12136452,1,5850000,1
34203.59994379,1,8712887,50,5849500,1
34203.600154641,3,16538191,10,5854600,1
34203.600164031,3,16563536,18,5856900,-1
34203.600165108,3,16563541,16,5857100,-1
34203.600168005,3,16554356,18,5854600,1
34203.600207608,3,16556599,10,5854700,1
34203.600228364,3,16563530,18,5856800,-1
34203.600245629,3,16563538,18,5857000,-1
34203.954770435,1,16617159,18,5854500,1
34204.105356795,1,16632807,18,5854700,1
34204.105407447,1,16632813,2,5854600,1
34204.127697885,3,16502634,100,5857100,-1
34204.328788797,1,16655686,16,5857900,-1
34204.328820921,1,16655691,18,5858000,-1
34204.328918827,3,16617159,18,5854500,1
34204.328940476,3,16632807,18,5854700,1
34204.328981067,3,16632813,2,5854600,1
34204.36362978,1,16658480,18,5854700,1
34204.363658209,1,16658483,18,5854600,1
34204.36368474,1,16658486,2,5854500,1
34204.398386311,1,16661173,18,5857600,-1
34204.398422624,1,16661182,18,5857700,-1
34204.567472902,3,16556387,100,5853700,1
34204.567646478,3,16655686,16,5857900,-1
34204.567665764,3,16658483,18,5854600,1
34204.567667208,3,16655691,18,5858000,-1
34204.56766787,3,16658480,18,5854700,1
34204.567694597,3,16658486,2,5854500,1
34204.567695304,3,16661182,18,5857700,-1
34204.567732501,3,16661173,18,5857600,-1
34204.570825637,1,16675424,16,5857900,-1
34204.570865938,1,16675431,18,5858000,-1
34204.576711342,1,16675936,100,5854700,1
34204.577104419,1,16675969,900,5856800,-1
34204.62133869,1,16679201,18,5856700,-1
34204.70427482,1,16685587,10,5814800,1
34204.894275109,1,16704576,18,5855000,1
34204.894370914,1,16704590,18,5854900,1
34204.894391087,1,16704592,2,5854800,1
34204.894441721,3,16675424,16,5857900,-1
34204.894450815,3,16675431,18,5858000,-1
34204.894471165,3,16679201,18,5856700,-1
34205.175095396,4,16675969,50,5856800,-1
34205.175277367,3,16704576,18,5855000,1
34205.175293104,3,16704590,18,5854900,1
34205.175294192,3,16704592,2,5854800,1
34205.181076298,1,16730960,100,5856800,-1
34205.308995297,1,16746392,18,5856500,-1
34205.366344866,1,16751233,100,5784600,1
34205.36673149,1,16751271,100,5927400,-1
34205.382317056,3,16730960,100,5856800,-1
34205.388462148,1,16752894,100,5856500,-1
34205.434993699,1,12767108,1000,5848500,1
34205.434993699,1,1304744,100,5874100,-1
34205.434993699,1,2117277,20,5848000,1
34205.434993699,1,3647242,32,5874100,-1
34205.434993699,1,877391,10,5846900,1
34205.434993699,1,13406354,200,5874300,-1
34205.434993699,1,4294238,49,5846900,1
34205.434993699,1,1444975,100,5874800,-1
34205.434993699,1,11909644,100,5845000,1
34205.434993699,1,1918157,19,5874900,-1
34205.434993699,1,1373335,2,5844900,1
34205.434993699,1,1278150,175,5875000,-1
34205.434993699,1,10751395,200,5842500,1
34205.434993699,1,2854047,100,5875000,-1
34205.434993699,1,3647244,9,5875000,-1
34205.434993699,1,9823165,100,5875000,-1
34205.434993699,1,1346304,100,5875900,-1
34205.734539337,4,16746392,18,5856500,-1
34205.734539337,4,16752894,63,5856500,-1
34205.765156633,4,16752894,37,5856500,-1
34205.765156633,4,16675969,263,5856800,-1
34205.765257746,1,16779043,18,5854700,1
34205.765316823,1,16779073,14,5854800,1
34205.766878478,4,16675969,132,5856800,-1
34205.768387095,4,16675969,59,5856800,-1
34205.771753648,1,16781704,18,5856700,-1
34206.134814988,1,16810314,100,5905000,-1
34206.134888843,1,16810316,100,5915000,-1
34206.182831529,1,16812705,100,5765000,1
34206.182860469,1,16812706,100,5775000,1
34206.182970987,1,16812712,100,5785000,1
34206.183064791,1,16812718,100,5795000,1
34206.224855096,3,16751233,100,5784600,1
34206.22497094,1,16815014,100,5784400,1
34206.290141263,1,16818091,7,5854800,1
34206.29025491,3,16779043,18,5854700,1
34206.290260156,3,16779073,14,5854800,1
34206.290261072,3,16781704,18,5856700,-1
34206.290892881,1,16818125,53,5854800,1
34206.29123036,1,16818137,52,5854800,1
34206.291527335,1,16818156,1,5854800,1
34206.291814072,1,16818175,5,5854800,1
34206.291925675,1,16818181,45,5854800,1
34206.29195232,1,16818182,39,5854800,1
34206.292254316,1,16818198,27,5854800,1
34206.801157647,1,16841958,18,5856600,-1
34206.879819956,1,4864091,12,5841500,1
34206.879819956,1,12850881,200,5876500,-1
34206.879819956,1,4725498,82,5840900,1
34206.879819956,1,3583391,100,5877200,-1
34206.879819956,1,3565398,40,5840100,1
34206.879819956,1,12671288,100,5877500,-1
34206.879819956,1,1918309,50,5840000,1
34206.879819956,1,4670802,25,5877700,-1
34206.879819956,1,2115811,10,5840000,1
34206.879819956,1,3647247,45,5878000,-1
34206.879819956,1,2470155,15,5840000,1
34206.879819956,1,13603146,130,5878000,-1
34206.879819956,1,3502533,8,5840000,1
34206.879819956,1,13444612,40,5879000,-1
34206.879819956,1,3558087,2,5840000,1
34206.879819956,1,3647243,4,5840000,1
34206.879819956,1,3689103,50,5840000,1
34206.879819956,1,4727912,5,5840000,1
34206.879819956,1,5743143,2,5840000,1
34206.879819956,1,6788988,240,5840000,1
34206.879819956,1,6951722,262,5840000,1
34206.879819956,1,12762365,100,5840000,1
34206.879819956,1,13195914,200,5840000,1
34206.879819956,1,4027388,20,5836000,1
34206.879819956,1,11278598,250,5835500,1
34206.965352065,5,0,100,5855800,1
34206.965510203,3,16841958,18,5856600,-1
34207.531993783,1,16879396,100,5858000,-1
34207.94770667,3,16182629,100,5852500,1
34208.041283608,1,16898655,2,5807900,1
34208.041353062,1,16898660,2,5856800,-1
34208.077533973,1,1374689,1,5835000,1
34208.077533973,1,4726563,210,5879900,-1
34208.077533973,1,9460494,100,5832200,1
34208.077533973,1,1333223,4,5880000,-1
34208.077533973,1,13492296,10,5831300,1
34208.077533973,1,1360987,1000,5880000,-1
34208.077533973,1,1830402,300,5831000,1
34208.077533973,1,1361119,200,5880000,-1
34208.077533973,1,7270903,400,5831000,1
34208.077533973,1,1364795,44,5880000,-1
34208.077533973,1,11435964,100,5831000,1
34208.077533973,1,1367608,10,5880000,-1
34208.077533973,1,3647246,8,5830300,1
34208.077533973,1,1369007,100,5880000,-1
34208.077533973,1,1333271,46,5830000,1
34208.077533973,1,1996866,10,5880000,-1
34208.077533973,1,2125608,35,5880000,-1
34208.077533973,1,2130940,500,5880000,-1
34208.077533973,1,2567592,100,5880000,-1
34208.077533973,1,3559257,30,5880000,-1
34208.077533973,1,3647252,50,5880000,-1
34208.077533973,1,3647253,4,5880000,-1
34208.077533973,1,4639835,400,5880000,-1
34208.077533973,1,4728216,100,5880000,-1
34208.077533973,1,4864058,105,5880000,-1
34208.077533973,1,6313285,350,5880000,-1
34208.077533973,1,6415887,500,5880000,-1
34208.077533973,1,7287079,20,5880000,-1
34208.077533973,1,7504327,1000,5880000,-1
34208.077533973,1,7972046,2,5880000,-1
34208.077533973,1,8121371,10,5880000,-1
34208.077533973,1,9147313,42,5880000,-1
34208.077533973,1,13183526,1000,5880000,-1
34208.077533973,1,13204037,1000,5880000,-1
34208.077533973,1,13368133,100,5880000,-1
34208.077533973,1,13403838,50,5880000,-1
34208.077533973,1,3647256,10,5880100,-1
34208.077533973,1,3647257,10,5880100,-1
34208.077533973,1,3647259,1000,5880800,-1
34208.077533973,1,3647263,10,5880900,-1
34208.077533973,1,3577667,330,5881000,-1
34208.48306653,1,16914630,100,5854900,1
34208.70287486,3,16818091,7,5854800,1
34208.703312634,3,16818125,53,5854800,1
34208.839912684,3,16818137,52,5854800,1
34208.840433832,3,16818156,1,5854800,1
34209.067534555,1,1377069,1,5830000,1
34209.067534555,1,1996323,1000,5881100,-1
34209.067534555,1,1918307,100,5830000,1
34209.067534555,1,3647265,800,5881700,-1
34209.067534555,1,1996865,10,5830000,1
34209.067534555,1,3549795,278,5882000,-1
34209.067534555,1,2125484,10,5830000,1
34209.067534555,1,3566989,65,5882500,-1
34209.067534555,1,2135757,4,5830000,1
34209.067534555,1,3569409,133,5883300,-1
34209.067534555,1,3184265,500,5830000,1
34209.067534555,1,1917918,100,5883500,-1
34209.067534555,1,3549251,10,5830000,1
34209.067534555,1,3647248,10,5830000,1
34209.067534555,1,3647249,100,5830000,1
34209.067534555,1,3647251,5,5830000,1
34209.067534555,1,8783845,150,5830000,1
34209.067534555,1,9184235,100,5830000,1
34209.067534555,1,9283576,15,5830000,1
34209.067534555,1,9431649,10,5830000,1
34209.067534555,1,9756084,100,5830000,1
34209.067534555,1,11283436,1000,5830000,1
34209.067534555,1,11751898,57,5830000,1
34209.067534555,1,12672543,50,5830000,1
34209.067534555,1,13434669,19,5830000,1
34209.067534555,1,3567065,200,5829000,1
34209.067534555,1,2122505,7,5828000,1
34209.067534555,1,10822855,400,5826500,1
34209.067534555,1,3647254,100,5826400,1
34209.067534555,1,3647258,100,5826000,1
34209.21194364,1,16939575,42,5854900,1
34209.442705504,3,16265761,67,5854400,1
34209.442788623,3,16818175,5,5854800,1
34209.477500287,1,16948611,320,5856800,-1
34209.481087627,1,16948722,320,5856800,-1
34209.489945829,4,16675969,225,5856800,-1
34209.494770026,1,16949037,67,5854900,1
34209.506557426,3,16948611,320,5856800,-1
34209.522721597,1,16949716,320,5856800,-1
34209.525706867,3,16818181,45,5854800,1
34209.54252448,4,16675969,28,5856800,-1
34209.542622307,1,16950346,18,5855000,1
34209.780716781,4,16950346,18,5855000,1
34209.780716781,4,16914630,100,5854900,1
34209.780716781,4,16939575,42,5854900,1
34209.780716781,4,16949037,40,5854900,1
34209.780806936,1,16957682,18,5856800,-1
34209.780840766,1,16957685,18,5856700,-1
34209.784078285,5,0,44,5855000,1
34209.784078285,4,16949037,27,5854900,1
34209.786185996,4,16818182,39,5854800,1
34209.786185996,4,16818198,27,5854800,1
34209.786185996,4,16675936,34,5854700,1
34209.786266076,1,16958115,2,5856600,-1
34209.801542957,3,16675936,66,5854700,1
34209.808502833,1,16958771,66,5854900,1
34209.828774041,4,16958771,66,5854900,1
34209.828774041,4,16249592,34,5854400,1
34209.829435704,1,16959555,169,5856600,-1
34209.830562764,3,16959555,169,5856600,-1
34209.831705108,1,16959614,169,5856600,-1
34209.832801235,3,16959614,169,5856600,-1
34209.833894341,1,16959673,169,5856600,-1
34209.834919765,3,16959673,169,5856600,-1
34209.91724754,1,11446328,400,5825600,1
34209.91724754,1,4645410,25,5825100,1
34209.91724754,1,1374166,10,5825000,1
34209.91724754,1,3647261,25,5825000,1
34209.91724754,1,3647262,100,5825000,1
34209.91724754,1,7277520,50,5825000,1
34209.91724754,1,13389558,100,5825000,1
34209.91724754,1,3299334,490,5824300,1
34209.91724754,1,3302097,511,5824300,1
34209.91724754,1,3585873,500,5824300,1
34209.91724754,1,1134377,50,5823700,1
34210.047332639,1,16972144,18,5854700,1
34210.047372286,1,16972157,4,5854600,1
34210.047425375,1,16972164,200,5859100,-1
34210.047452914,3,16957682,18,5856800,-1
34210.047459699,3,16957685,18,5856700,-1
34210.047460295,3,16958115,2,5856600,-1
34210.131535502,1,16979328,18,5856500,-1
34210.131547656,1,16979334,18,5856600,-1
34210.131572528,1,16979338,18,5856700,-1
34210.131592927,1,16979339,18,5856800,-1
34210.241147562,3,16948722,320,5856800,-1
34210.241247257,3,16972144,18,5854700,1
34210.241257287,3,16972157,4,5854600,1
34210.526653673,3,16972164,200,5859100,-1
34210.526785368,3,16979338,18,5856700,-1
34210.526789429,3,16979334,18,5856600,-1
34210.526792927,3,16979328,18,5856500,-1
34210.526810312,3,16979339,18,5856800,-1
34210.632267021,1,17011325,18,5856600,-1
34210.756845815,1,17020774,320,5856600,-1
34210.75693317,3,17011325,18,5856600,-1
34210.763367426,3,16949716,320,5856800,-1
34210.847553594,1,17026393,18,5856300,-1
34210.847585222,1,17026397,18,5856400,-1
34210.847600875,1,17026398,18,5856500,-1
34210.84762826,1,17026405,18,5856600,-1
34210.868110685,1,17027766,320,5856300,-1
34210.90226879,1,17029589,14,5856100,-1
34210.906278764,3,17020774,320,5856600,-1
34210.908120663,1,17030071,320,5856100,-1
34210.920070579,3,17027766,320,5856300,-1
34211.00434466,4,16249592,16,5854400,1
34211.00452784,3,17026398,18,5856500,-1
34211.004532651,3,17026397,18,5856400,-1
34211.00453353,3,17026405,18,5856600,-1
34211.146132928,3,16249592,50,5854400,1
34211.146253781,3,17026393,18,5856300,-1
34211.146282398,3,17029589,14,5856100,-1
34211.226849977,1,17047419,18,5855800,-1
34211.226890521,1,17047422,18,5855900,-1
34211.226899712,1,17047424,18,5856000,-1
34211.226920551,1,17047425,18,5856100,-1
34211.33328328,4,13419503,50,5854000,1
34211.334948467,4,3790155,20,5853800,1
34211.334948467,4,4725582,2,5853800,1
34211.387958796,3,16265573,100,5858700,-1
34211.388085386,3,17047422,18,5855900,-1
34211.388086017,3,17047424,18,5856000,-1
34211.388089305,3,17047419,18,5855800,-1
34211.388104371,3,17047425,18,5856100,-1
34211.439240606,1,17055489,100,5855800,-1
34211.506656257,1,17057352,320,5855800,-1
34211.508835733,3,17030071,320,5856100,-1
34211.683403235,1,17065496,320,5855600,-1
34211.685481654,3,17057352,320,5855800,-1
34212.052057667,1,17077786,18,5855400,-1
34212.052098179,1,17077789,18,5855500,-1
34212.053609867,1,17077932,320,5855400,-1
34212.054205008,3,17065496,320,5855600,-1
34212.057109841,1,17078173,18,5855200,-1
34212.057131009,1,17078176,18,5855300,-1
34212.05824151,1,17078284,320,5855200,-1
34212.058727741,3,17077932,320,5855400,-1
34212.079852755,3,16675969,143,5856800,-1
34212.08008559,1,17079484,143,5853900,-1
34212.080208915,4,17079484,143,5853900,-1
34212.080287308,1,17079499,1,5853900,1
34212.081038785,1,17079564,320,5855200,-1
34212.08134726,3,17078284,320,5855200,-1
34212.095970517,4,17079499,1,5853900,1
34212.130661659,3,16295892,100,5858900,-1
34212.130840721,1,17082021,100,5855400,-1
34212.267055429,1,17090001,320,5855100,-1
34212.267181112,3,17078173,18,5855200,-1
34212.267184507,3,17077789,18,5855500,-1
34212.267188227,3,17077786,18,5855400,-1
34212.267189123,3,17078176,18,5855300,-1
34212.267930958,3,17079564,320,5855200,-1
34212.555647156,1,17099848,27,5855000,-1
34212.557195301,1,17099873,320,5855000,-1
34212.557641708,3,17090001,320,5855100,-1
34212.582853636,3,17099848,27,5855000,-1
34212.607269431,4,12695153,5,5853600,1
34213.897096657,1,17132504,320,5854300,-1
34213.897614022,3,17099873,320,5855000,-1
34214.181766435,5,0,100,5854200,-1
34214.181907793,1,17140921,18,5853100,1
34214.181954244,1,17140924,4,5853000,1
34214.313574215,1,17144557,320,5854200,-1
34214.313671934,3,17140921,18,5853100,1
34214.313672671,3,17140924,4,5853000,1
34214.314102131,3,17132504,320,5854300,-1
34215.089261118,1,17166135,100,5853600,1
34215.204460371,5,0,31,5854100,-1
34215.204460371,5,0,200,5854100,-1
34215.204460371,4,17144557,69,5854200,-1
34215.222056281,4,17144557,251,5854200,-1
34215.222997296,1,17172314,251,5854300,-1
34215.223443124,3,17172314,251,5854300,-1
34217.169719861,3,17082021,100,5855400,-1
34217.169871376,1,17248317,100,5855700,-1
34217.205484251,1,17249867,18,5853600,1
34217.205625508,5,0,12,5855500,-1
34217.205625508,4,17248317,88,5855700,-1
34217.205639049,4,17248317,12,5855700,-1
34217.205745954,1,17250016,4,5853700,1
34217.205932482,4,17055489,100,5855800,-1
34217.206561301,1,17250485,59,5855800,-1
34217.20671967,4,17250485,59,5855800,-1
34217.20671967,5,0,100,5856100,-1
34217.224371313,5,0,100,5856200,1
34218.299262015,5,0,100,5855200,-1
34218.299262015,5,0,11,5855700,-1
34218.299372333,1,17293774,18,5856700,-1
34218.299456108,3,17249867,18,5853600,1
34218.457787528,1,17300494,18,5856400,-1
34218.457815865,1,17300495,18,5856500,-1
34218.457835621,1,17300497,18,5856600,-1
34218.457910779,3,17250016,4,5853700,1
34219.279164832,1,17324274,18,5856400,-1
34219.27929371,3,17300495,18,5856500,-1
34219.279294981,3,17293774,18,5856700,-1
34219.279296576,3,17300497,18,5856600,-1
34219.320087956,1,17325121,18,5856300,-1
34219.347161993,1,17325702,100,5859900,-1
34219.517076244,5,0,45,5854700,1
34219.517076244,5,0,11,5854500,1
34219.517076244,5,0,100,5854400,1
34219.517076244,1,17329817,44,5854400,-1
34219.51720018,4,17329817,44,5854400,-1
34219.517282398,3,17300494,18,5856400,-1
34219.517286917,3,17324274,18,5856400,-1
34219.517301103,3,17325121,18,5856300,-1
34219.517343909,1,17329859,18,5856200,-1
34219.517476892,3,17329859,18,5856200,-1
34219.517746191,5,0,100,5854500,1
34219.517830407,1,17329912,18,5856800,-1
34219.517859255,1,17329915,18,5856700,-1
34219.517901648,1,17329922,8,5856500,-1
34219.524768526,1,17331198,18,5853600,1
34219.530966388,1,17332747,18,5856500,-1
34219.54078667,1,17334022,18,5856200,-1
34219.540815868,1,17334023,8,5856300,-1
34220.114770695,1,17354342,100,5854100,1
34220.114921446,3,17331198,18,5853600,1
34220.114928735,3,17329915,18,5856700,-1
34220.114929361,3,17329912,18,5856800,-1
34220.114929923,3,17329922,8,5856500,-1
34220.114948979,3,17332747,18,5856500,-1
34220.114977592,3,17334023,8,5856300,-1
34220.270330299,1,17359068,14,5856100,-1
34221.023828585,1,17382133,18,5855800,-1
34221.023900076,1,17382136,18,5856100,-1
34221.023975391,3,17334022,18,5856200,-1
34222.480233188,4,17354342,100,5854100,1
34222.480409206,3,17382133,18,5855800,-1
34222.480410913,3,17359068,14,5856100,-1
34222.480429642,3,17382136,18,5856100,-1
34222.670364787,1,17433600,100,5854000,1
34223.052028151,5,0,100,5855100,-1
34223.052115679,1,17443748,18,5854000,1
34223.052156873,1,17443753,4,5854100,1
34223.064575892,1,17444108,35,5854300,1
34223.272801653,5,0,100,5854400,1
34223.272881711,1,17451852,18,5856800,-1
34223.272916778,1,17451856,18,5856700,-1
34223.273008597,3,17443748,18,5854000,1
34223.273010993,3,17443753,4,5854100,1
34224.087888963,3,13126986,10,5851700,1
34224.087987753,3,17451856,18,5856700,-1
34224.087990258,3,17451852,18,5856800,-1
34224.132878929,1,17473627,100,5853700,1
34224.330892941,3,17433600,100,5854000,1
34224.336665396,1,17478659,100,5849900,1
34224.592369155,1,17483361,500,5882500,-1
34225.019786766,1,17494351,18,5854600,1
34225.019831763,1,17494356,4,5854500,1
34226.365315407,1,17533841,125,5853600,1
34226.36541877,3,17494356,4,5854500,1
34226.365420435,3,17494351,18,5854600,1
34226.452728871,3,17444108,35,5854300,1
34226.533704582,1,17537269,18,5856500,-1
34226.533737902,1,17537270,18,5856600,-1
34226.533765379,1,17537271,18,5856700,-1
34226.533782079,1,17537272,18,5856800,-1
34226.825396211,3,15888689,200,5859800,-1
34226.82587868,3,15826429,200,5859400,-1
34226.82600289,3,17537271,18,5856700,-1
34226.826003805,3,17537269,18,5856500,-1
34226.826009596,3,17537270,18,5856600,-1
34226.826010048,3,17537272,18,5856800,-1
34226.974302106,1,17547517,18,5856500,-1
34226.974333298,1,17547518,18,5856600,-1
34226.974363106,1,17547519,18,5856700,-1
34226.974382536,1,17547520,18,5856800,-1
34227.437330595,1,17564371,100,5854700,1
34227.437463631,3,17547520,18,5856800,-1
34227.437464155,3,17547519,18,5856700,-1
34227.437468645,3,17547517,18,5856500,-1
34227.43746982,3,17547518,18,5856600,-1
34227.449996974,1,17564594,18,5856500,-1
34227.450023472,1,17564597,18,5856600,-1
34227.450056581,1,17564599,18,5856700,-1
34227.450088595,1,17564600,18,5856800,-1
34227.595283027,1,17572155,14,5856400,-1
34227.595411874,3,17564600,18,5856800,-1
34227.595415722,3,17564594,18,5856500,-1
34227.595417519,3,17564597,18,5856600,-1
34227.595418034,3,17564599,18,5856700,-1
34227.608626385,1,17573984,18,5855000,1
34227.731684828,1,17592758,6,5855300,1
34227.731849051,3,17572155,14,5856400,-1
34227.732213652,4,16898660,2,5856800,-1
34227.732521213,1,17593372,4,5855300,1
34227.732533703,1,17593380,18,5857900,-1
34227.867585735,1,17614202,2,5867300,-1
34228.069592024,5,0,100,5856400,-1
34228.06976112,3,17573984,18,5855000,1
34228.069763888,3,17593380,18,5857900,-1
34228.07636131,5,0,100,5856400,1
34228.076445351,1,17630168,18,5858000,-1
34228.076486999,1,17630174,18,5855400,1
34228.977296262,1,17664948,10,5857900,-1
34228.977434098,3,17630174,18,5855400,1
34228.977444304,3,17592758,6,5855300,1
34228.977445276,3,17593372,4,5855300,1
34228.977467848,3,17630168,18,5858000,-1
34229.468992439,1,17682589,18,5855000,1
34229.46905665,1,17682594,8,5854900,1
34229.469103907,3,17664948,10,5857900,-1
34229.482287293,1,17682924,18,5857700,-1
34229.482366831,1,17682933,18,5857800,-1
34229.482367916,1,17682934,18,5858000,-1
34229.48237716,1,17682935,18,5857900,-1
34229.576826049,3,17478659,100,5849900,1
34229.582267282,1,17685739,100,5854200,1
34229.582360137,3,17682589,18,5855000,1
34229.582361218,3,17682594,8,5854900,1
34229.950358396,1,17696306,18,5854900,1
34229.950383153,1,17696310,8,5854800,1
34229.950504051,3,17682933,18,5857800,-1
34229.950512807,3,17682924,18,5857700,-1
34229.950532951,3,17682935,18,5857900,-1
34229.950534712,3,17682934,18,5858000,-1
34229.984817677,1,17698596,18,5857700,-1
34229.984849086,1,17698599,18,5857800,-1
34229.984876079,1,17698600,18,5857900,-1
34229.984898765,1,17698602,18,5858000,-1
34230.185672925,1,17708793,70,5855000,1
34230.185809299,3,17698596,18,5857700,-1
34230.185810304,3,17696310,8,5854800,1
34230.185810756,3,17698602,18,5858000,-1
34230.185823624,3,17698599,18,5857800,-1
34230.185824209,3,17698600,18,5857900,-1
34230.26534354,1,17712744,8,5855200,1
34230.265433878,3,17696306,18,5854900,1
34230.352536659,1,17715324,18,5857700,-1
34230.352554982,1,17715329,18,5857800,-1
34230.352590294,1,17715335,18,5857900,-1
34230.352604439,1,17715338,18,5858000,-1
34231.363620767,1,17746960,18,5855500,1
34231.364322465,3,17715324,18,5857700,-1
34231.364343256,3,17715335,18,5857900,-1
34231.364345473,3,17715329,18,5857800,-1
34231.364359872,3,17715338,18,5858000,-1
34231.384272617,1,17747860,200,5858100,-1
34231.392745716,1,17748185,200,5841000,1
34231.437453602,1,17753844,18,5857800,-1
34231.437490767,1,17753856,18,5857900,-1
34231.437503968,1,17753862,18,5858000,-1
34231.74844703,1,17766530,18,5857700,-1
34231.748574392,3,17746960,18,5855500,1
34231.748575445,3,17753856,18,5857900,-1
34231.748576687,3,17712744,8,5855200,1
34231.748590013,3,17753862,18,5858000,-1
34231.780273498,1,17767360,100,5855200,1
34232.493236945,1,17789587,18,5855300,1
34232.493277549,1,17789601,8,5855200,1
34232.493401043,3,17753844,18,5857800,-1
34232.493421468,3,17766530,18,5857700,-1
34232.507320896,1,17790217,18,5857700,-1
34232.507333587,1,17790219,18,5857800,-1
34232.507365295,1,17790220,18,5857900,-1
34232.507401074,1,17790222,18,5858000,-1
34232.799047587,3,17166135,100,5853600,1
34232.799200251,3,17790219,18,5857800,-1
34232.799202266,3,17789601,8,5855200,1
34232.799204526,3,17789587,18,5855300,1
34232.799217657,3,17790220,18,5857900,-1
34232.799220303,3,17790222,18,5858000,-1
34232.799220946,3,17790217,18,5857700,-1
34233.00537675,1,17804761,18,5857700,-1
34233.005410703,1,17804763,18,5857800,-1
34233.005433439,1,17804765,18,5857900,-1
34233.005460017,1,17804769,18,5858000,-1
34233.465320818,3,17767360,100,5855200,1
34233.465442717,3,17804763,18,5857800,-1
34233.4654437,3,17804765,18,5857900,-1
34233.465445276,3,17804761,18,5857700,-1
34233.465464358,3,17804769,18,5858000,-1
34233.465868311,1,17825130,18,5855300,1
34233.465910853,1,17825141,8,5855200,1
34233.612153047,1,17830372,18,5857700,-1
34233.612179981,1,17830375,18,5857800,-1
34233.612199289,1,17830380,18,5857900,-1
34233.612241792,1,17830388,18,5858000,-1
34233.612319242,3,17825141,8,5855200,1
34233.612319978,3,17825130,18,5855300,1
34233.615478295,1,17830943,12,5857400,-1
34233.75039403,1,17835363,18,5855300,1
34233.750434268,1,17835367,8,5855200,1
34233.750560268,3,17830375,18,5857800,-1
34233.750561789,3,17830388,18,5858000,-1
34233.75057218,3,17830372,18,5857700,-1
34233.750574073,3,17830943,12,5857400,-1
34233.750602162,3,17830380,18,5857900,-1
34233.868678023,1,17838491,18,5857700,-1
34233.86875118,1,17838502,18,5857800,-1
34233.86879145,1,17838509,18,5857900,-1
34233.868800535,1,17838512,18,5858000,-1
34233.868847613,3,17835363,18,5855300,1
34233.868862593,3,17835367,8,5855200,1
34234.093000057,1,17848351,12,5857400,-1
34234.093107402,3,17838502,18,5857800,-1
34234.093108461,3,17838509,18,5857900,-1
34234.09312394,3,17838512,18,5858000,-1
34234.13930768,1,17850111,18,5855300,1
34234.139341942,1,17850115,8,5855200,1
34234.279409487,1,17859734,18,5857200,-1
34234.27945908,1,17859746,18,5857400,-1
34234.27957654,3,17850111,18,5855300,1
34234.279579665,3,17838491,18,5857700,-1
34234.27959842,3,17850115,8,5855200,1
34234.355328435,4,17859734,18,5857200,-1
34234.355328435,4,17848351,12,5857400,-1
34234.355328435,4,17859746,13,5857400,-1
34234.35541262,1,17865030,100,5855500,1
34234.35541378,1,17865031,18,5855000,1
34234.35545013,1,17865034,18,5855100,1
34234.355492594,1,17865036,18,5855300,1
34234.385614796,4,17859746,5,5857400,-1
34234.385614796,5,0,86,5857600,-1
34234.385689697,1,17866294,15,5855500,1
34234.385699607,1,17866295,100,5855600,1
34234.385848212,3,17865031,18,5855000,1
34234.387236237,3,17865030,100,5855500,1
34234.412403907,1,17867721,18,5855700,1
34234.412502586,3,17865034,18,5855100,1
34234.415602621,1,17868002,100,5858200,-1
34234.416149314,3,17868002,100,5858200,-1
34234.541284007,3,17866295,100,5855600,1
34234.54138996,3,17865036,18,5855300,1
34234.541390391,3,17867721,18,5855700,1
34234.541406557,3,17866294,15,5855500,1
34234.554420572,1,17872089,16,5855300,1
34234.554448499,1,17872091,18,5855200,1
34234.554488458,1,17872093,18,5855000,1
34234.742684923,1,17878558,18,5857700,-1
34234.742720337,1,17878562,18,5857800,-1
34234.742740822,1,17878563,2,5857900,-1
34234.742821607,3,17872091,18,5855200,1
34234.742826285,3,17872089,16,5855300,1
34234.74283818,3,17872093,18,5855000,1
34234.754309814,1,17879081,18,5855300,1
34234.754341372,1,17879083,18,5855200,1
34234.754367197,1,17879085,18,5855100,1
34234.75438902,1,17879087,16,5855000,1
34235.438801141,3,17685739,100,5854200,1
34235.438950075,3,17878562,18,5857800,-1
34235.438953097,3,17878558,18,5857700,-1
34235.438959651,3,17878563,2,5857900,-1
34235.438961309,3,17879085,18,5855100,1
34235.438965836,3,17879081,18,5855300,1
34235.438967018,3,17879083,18,5855200,1
34235.438978997,3,17879087,16,5855000,1
34235.444237355,1,17902842,100,5847900,1
34235.62807555,1,17908561,12,5855300,1
34235.628110184,1,17908565,18,5855200,1
34235.62817173,1,17908572,18,5855000,1
34235.707574115,1,17910678,18,5857700,-1
34235.707639919,1,17910701,18,5857800,-1
34235.707677566,1,17910716,6,5857900,-1
34235.925124202,1,17918246,18,5855600,1
34235.925263133,3,17908565,18,5855200,1
34235.9252711,3,17908572,18,5855000,1
34235.925272852,3,17910716,6,5857900,-1
34235.925284415,3,17910678,18,5857700,-1
34235.925285075,3,17910701,18,5857800,-1
34235.953491973,1,17919096,18,5857900,-1
34235.955210636,1,17919178,100,5857400,-1
34236.957055345,1,17945311,200,5855100,1
34236.95717014,3,17908561,12,5855300,1
34236.957172012,3,17919096,18,5857900,-1
34236.957173349,3,17918246,18,5855600,1
34237.023415106,1,17947447,18,5855400,1
34237.023448172,1,17947450,18,5855300,1
34237.023478908,1,17947453,18,5855200,1
34237.023501323,1,17947454,12,5855100,1
34237.295363936,1,17957381,100,5857300,-1
34237.295489481,3,17947450,18,5855300,1
34237.295497905,3,17947447,18,5855400,1
34237.295501279,3,17947453,18,5855200,1
34237.295515346,3,17947454,12,5855100,1
34237.32873423,1,17958344,12,5855400,1
34237.328771974,1,17958347,18,5855300,1
34237.328795572,1,17958349,18,5855200,1
34237.328851342,1,17958355,18,5855100,1
34237.332150367,1,17958433,100,5860300,-1
34238.002904218,3,17919178,100,5857400,-1
34238.003039768,3,17958355,18,5855100,1
34238.003042941,3,17958349,18,5855200,1
34238.003059067,3,17958344,12,5855400,1
34238.003090749,3,17958347,18,5855300,1
34238.134767445,1,17990493,35,5854400,1
34238.384242822,1,17997929,18,5855400,1
34238.384286491,1,17997934,18,5855300,1
34238.384331199,1,17997939,18,5855200,1
34238.384377174,1,17997943,12,5855100,1
34239.262268134,4,17997929,18,5855400,1
34239.262348214,1,18022350,18,5857300,-1
34239.262395866,1,18022357,18,5857200,-1
34239.262519876,3,17997939,18,5855200,1
34239.262521012,3,17997943,12,5855100,1
34239.262524039,3,17997934,18,5855300,1
34239.263611981,3,17957381,100,5857300,-1
34239.721464369,1,18033051,18,5856900,-1
34239.721519587,1,18033053,6,5857100,-1
34239.721593584,3,18022350,18,5857300,-1
34240.170112082,1,18046211,1500,5830000,1
34240.594933429,5,0,5,5855400,1
34240.595110177,3,18022357,18,5857200,-1
34240.595112312,3,18033053,6,5857100,-1
34241.017802809,1,18064129,300,5851500,1
34242.084995031,5,0,25,5855600,1
34242.085607821,5,0,25,5855600,1
34242.085607821,5,0,175,5855400,1
34242.087302783,5,0,20,5855400,1
34242.087302783,4,17945311,80,5855100,1
34242.087393998,1,18091848,18,5856800,-1
34242.095295299,1,18092077,300,5855200,-1
34242.095405551,4,17945311,120,5855100,1
34242.095412434,4,17708793,70,5855000,1
34242.095512159,4,17564371,100,5854700,1
34242.095603971,1,18092101,100,5855100,-1
34242.095740199,1,18092111,100,5854700,1
34242.0960365,4,18092111,100,5854700,1
34242.09605977,4,17990493,35,5854400,1
34242.125978297,4,17473627,100,5853700,1
34242.126058021,1,18092945,100,5855000,-1
34242.128493057,3,18092101,100,5855100,-1
34242.281282536,3,18092945,100,5855000,-1
34242.281388814,3,18091848,18,5856800,-1
34242.281391065,3,18033051,18,5856900,-1
34242.320906583,1,18097822,6,5854900,-1
34242.32093606,1,18097823,18,5855000,-1
34242.320966286,1,18097824,18,5855100,-1
34242.320974264,1,18097825,18,5855200,-1
34242.391038869,5,0,10,5854800,-1
34242.391116126,1,18099252,18,5853700,1
34242.537922535,4,18099252,18,5853700,1
34242.538131248,3,18097823,18,5855000,-1
34242.538131706,3,18097822,6,5854900,-1
34242.538133219,3,18097824,18,5855100,-1
34242.538135946,3,18097825,18,5855200,-1
34242.539574882,4,17533841,125,5853600,1
34242.539963416,5,0,100,5853500,1
34242.540036758,1,18102098,18,5855200,-1
34242.540075221,1,18102100,6,5855100,-1
34242.542601317,1,18102164,100,5853000,1
34242.935112958,4,11599111,49,5853000,1
34242.935273246,3,18102098,18,5855200,-1
34242.935275142,3,18102100,6,5855100,-1
34243.161619417,5,0,49,5853100,1
34243.161699972,1,18117815,18,5855200,-1
34243.161737757,1,18117818,18,5855100,-1
34243.452960619,4,11599111,50,5853000,1
34243.453129075,3,18117815,18,5855200,-1
34243.453130097,3,18117818,18,5855100,-1
34243.467275681,4,11599111,100,5853000,1
34243.467353715,1,18126374,18,5855200,-1
34243.467384164,1,18126376,18,5855100,-1
34243.678623646,1,18129982,19,5853000,1
34243.678719321,3,18126376,18,5855100,-1
34243.678727602,3,18126374,18,5855200,-1
34244.070699969,1,18138348,18,5854900,-1
34244.070740541,1,18138352,18,5855000,-1
34244.070758245,1,18138353,18,5855100,-1
34244.07079111,1,18138355,18,5855200,-1
34245.281721068,1,18173780,18,5853100,1
34245.281805592,1,18173787,100,5853100,1
34245.281874419,3,18138348,18,5854900,-1
34245.281878263,3,18138353,18,5855100,-1
34245.281878888,3,18138355,18,5855200,-1
34245.281887785,3,18138352,18,5855000,-1
34245.282410072,3,18102164,100,5853000,1
34245.688820232,5,0,100,5854000,-1
34245.688976615,3,18173780,18,5853100,1
34245.691221857,3,18129982,19,5853000,1
34245.694186907,1,18185336,19,5853200,1
34245.694267426,1,18185345,100,5853200,1
34245.694773331,3,18173787,100,5853100,1
34246.68826075,5,0,100,5853400,1
34246.689153933,3,18185336,19,5853200,1
34246.689354442,4,18185345,100,5853200,1
34246.689431471,1,18206947,18,5855200,-1
34246.689441034,1,18206949,100,5854800,-1
34246.693961421,1,18207015,21,5851600,1
34246.779185361,4,11599111,31,5853000,1
34246.779265451,1,18210016,18,5854800,-1
34246.779299836,1,18210021,18,5854700,-1
34246.779330868,1,18210024,18,5851700,1
34246.779363521,1,18210025,18,5854500,-1
34246.841284256,3,18206949,100,5854800,-1
34246.84136535,3,18206947,18,5855200,-1
34246.945270425,1,18213670,100,5851400,1
34246.945272329,1,18213671,100,5855100,-1
34246.945391973,3,18210025,18,5854500,-1
34246.94539349,3,18210021,18,5854700,-1
34246.945393865,3,18210016,18,5854800,-1
34246.945394681,3,18210024,18,5851700,1
34246.964670283,1,18214348,18,5851700,1
34246.964710314,1,18214352,12,5851600,1
34247.097986134,1,18218461,18,5855000,-1
34247.098052251,1,18218469,18,5855100,-1
34247.098124694,3,18214348,18,5851700,1
34247.098144382,3,18214352,12,5851600,1
34247.340863245,1,18224214,18,5851900,1
34247.340927427,1,18224223,12,5851800,1
34247.340994022,3,18218469,18,5855100,-1
34247.341026021,3,18218461,18,5855000,-1
34247.383864403,1,18225112,18,5855000,-1
34247.383899536,1,18225114,18,5855100,-1
34247.507469814,5,0,100,5854900,-1
34247.507469814,5,0,100,5854900,-1
34247.507469814,5,0,100,5854900,-1
34247.507469814,5,0,100,5854900,-1
34247.507469814,5,0,30,5854900,-1
34247.507469814,4,18225112,18,5855000,-1
34247.507469814,5,0,15,5855000,-1
34247.507469814,4,18213671,100,5855100,-1
34247.507469814,4,18225114,18,5855100,-1
34247.507574573,1,18226846,100,5852100,1
34247.507651145,3,18224223,12,5851800,1
34247.508404114,3,18207015,21,5851600,1
34247.510643582,5,0,100,5855100,-1
34247.510722493,1,18226913,18,5852100,1
34247.510752216,1,18226915,6,5852200,1
34247.530052989,1,18227280,100,5855100,-1
34247.544222178,5,0,300,5855000,-1
34247.544222178,5,0,100,5855000,-1
34247.544222178,4,18227280,100,5855100,-1
34247.544222178,5,0,149,5855100,-1
34247.544305082,1,18227609,100,5852300,1
34247.546721309,3,18226846,100,5852100,1
34247.566058684,1,18228272,100,5855100,-1
34247.573089965,4,18228272,100,5855100,-1
34247.573089965,4,18092077,300,5855200,-1
34247.573089965,5,0,800,5855200,-1
34247.573167083,1,18228408,100,5852400,1
34247.573192316,1,18228411,18,5857900,-1
34247.575320309,3,18227609,100,5852300,1
34247.594210031,1,18228927,100,5857600,-1
34247.598044896,1,18229080,18,5857300,-1
34247.598086195,1,18229087,18,5857400,-1
34247.598101785,1,18229089,12,5857500,-1
34247.610967564,1,18229427,100,5857500,-1
34247.611945241,3,18229427,100,5857500,-1
34247.613549046,1,18229483,100,5857500,-1
34247.616631157,3,18229483,100,5857500,-1
34247.618211913,1,18229724,100,5857500,-1
34247.618288557,3,18224214,18,5851900,1
34247.620872939,1,18229784,100,5853200,1
34247.620964282,3,18226913,18,5852100,1
34247.620968222,3,18226915,6,5852200,1
34247.628944024,1,18230032,100,5857200,-1
34247.629158091,3,18228927,100,5857600,-1
34247.682128975,1,18231455,18,5853500,1
34247.682158318,1,18231458,18,5853400,1
34247.682176155,1,18231460,6,5853300,1
34247.73528532,3,18228408,100,5852400,1
34247.735406384,3,18229089,12,5857500,-1
34247.735408737,3,18228411,18,5857900,-1
34247.735409194,3,18229080,18,5857300,-1
34247.735427797,3,18229087,18,5857400,-1
34247.736240329,5,0,100,5856400,-1
34247.736733075,3,18229724,100,5857500,-1
34247.738295225,1,18232862,100,5857100,-1
34247.902045434,1,18236207,18,5856200,1
34247.902146775,4,18236207,18,5856200,1
34247.902154799,3,18231458,18,5853400,1
34247.902157166,3,18231455,18,5853500,1
34247.90217879,3,18231460,6,5853300,1
34247.902232593,1,18236214,100,5857000,-1
34247.903051483,3,18232862,100,5857100,-1
34247.904658054,1,18236283,100,5856900,-1
34248.05228323,3,18236214,100,5857000,-1
34248.114604502,1,18242052,100,5858500,-1
34249.040078264,3,18236283,100,5856900,-1
34249.041758793,1,18258361,100,5857100,-1
34249.086375027,1,18259338,18,5853500,1
34249.086405902,1,18259340,18,5853400,1
34249.08643965,1,18259346,6,5853300,1
34249.417873093,3,18064129,300,5851500,1
34249.417976163,3,18259340,18,5853400,1
34249.417987637,3,18259346,6,5853300,1
34249.423825408,1,18272648,300,5851000,1
34249.492862272,1,18274323,18,5853800,1
34249.492934032,1,18274330,6,5853700,1
34251.157902039,1,18313421,18,5857100,-1
34251.158033831,3,18259338,18,5853500,1
34251.158035926,3,18274330,6,5853700,1
34251.444029787,1,18321301,18,5854100,1
34251.44406288,1,18321302,6,5854000,1
34251.444127395,3,18313421,18,5857100,-1
34251.831481704,1,18328480,200,5853200,1
34251.831597628,3,18274323,18,5853800,1
34251.831600636,3,18321302,6,5854000,1
34251.831612892,3,18321301,18,5854100,1
34251.913754532,3,18258361,100,5857100,-1
34251.915508803,1,18332967,100,5857100,-1
34252.0208352,5,0,100,5857000,-1
34252.02093313,1,18336905,18,5853200,1
34252.02096984,1,18336929,18,5853300,1
34252.02103621,1,18336958,6,5853500,1
34252.021626408,3,18332967,100,5857100,-1
34252.022156013,1,18337445,100,5856900,1
34252.022317244,3,18336929,18,5853300,1
34252.022318933,3,18336905,18,5853200,1
34252.022322225,3,18336958,6,5853500,1
34252.0223858,3,18230032,100,5857200,-1
34252.023086869,4,18337445,100,5856900,1
34252.02317969,1,18337841,100,5857900,-1
34252.02318083,1,18337842,18,5853300,1
34252.024057375,1,18338230,18,5853600,1
34252.024087083,1,18338252,6,5853500,1
34252.024204889,1,18338336,100,5857100,-1
34252.026773727,1,18339562,41,5856900,1
34252.026918731,3,18338252,6,5853500,1
34252.0269252,3,18337842,18,5853300,1
34252.026925524,3,18338230,18,5853600,1
34252.027479853,4,18338336,100,5857100,-1
34252.027479853,5,0,100,5857100,-1
34252.027496543,1,18339856,100,5857200,-1
34252.027506825,3,18337841,100,5857900,-1
34252.027560191,1,18339877,100,5853700,1
34252.027766693,1,18339944,100,5857100,-1
34252.028256795,4,18339944,100,5857100,-1
34252.028379817,1,18340138,100,5856800,1
34252.028539752,1,18340168,100,5857100,-1
34252.029124925,3,18339856,100,5857200,-1
34252.029155928,4,18339562,41,5856900,1
34252.029155928,5,0,100,5857000,1
34252.029279954,3,18340168,100,5857100,-1
34252.029822902,1,18340495,100,5857900,-1
34252.031700628,1,18340899,100,5857800,-1
34252.032401265,5,0,84,5856900,1
34252.032498709,5,0,100,5856900,1
34252.033272664,3,18340899,100,5857800,-1
34252.03414916,5,0,16,5856900,1
34252.03414916,5,0,109,5856900,1
34252.034560856,3,18340495,100,5857900,-1
34252.035272687,1,18342257,100,5858200,-1
34252.035351282,5,0,291,5856900,1
34252.037175668,5,0,100,5856900,-1
34252.045457473,5,0,100,5856900,-1
34252.053861023,5,0,100,5856900,-1
34252.11104533,1,18349474,100,5856900,-1
34252.122145247,4,18349474,100,5856900,-1
34252.122145247,5,0,100,5856900,-1
34252.12223549,1,18349906,100,5856800,1
34252.123392451,5,0,100,5856900,-1
34252.123884829,3,18339877,100,5853700,1
34252.127831123,5,0,100,5856900,-1
34252.273287034,3,18349906,100,5856800,1
34252.276641887,3,18342257,100,5858200,-1
34252.277300879,1,18355320,100,5858600,-1
34252.279815175,5,0,100,5856900,-1
34252.501996264,3,18340138,100,5856800,1
34252.525746894,1,18360957,18,5853500,1
34252.525783947,1,18360960,18,5853400,1
34252.525835847,1,18360967,6,5853300,1
34252.715892505,3,17958433,100,5860300,-1
34252.715984413,3,18360960,18,5853400,1
34252.715989935,3,18360967,6,5853300,1
34252.740032167,5,0,200,5856900,-1
34252.740104901,1,18364553,18,5853600,1
34252.740154899,1,18364557,6,5853800,1
34252.740940568,5,0,100,5856900,-1
34253.187941091,3,17902842,100,5847900,1
34253.196123708,1,18374122,100,5852300,1
34253.196242217,3,18364557,6,5853800,1
34253.196243776,3,18360957,18,5853500,1
34253.196264383,3,18364553,18,5853600,1
34253.365117533,3,18355320,100,5858600,-1
34253.530188041,1,18381088,18,5857700,-1
34253.634497901,5,0,100,5855800,1
34253.634573129,1,18382475,18,5857700,-1
34253.634605531,1,18382476,18,5857600,-1
34253.634636411,1,18382478,18,5853300,1
34253.634673231,1,18382479,12,5857400,-1
34253.637172407,1,18382521,100,5856800,-1
34253.687804373,1,18383216,18,5853600,1
34253.687833691,1,18383217,6,5853500,1
34254.526963951,3,18382521,100,5856800,-1
34254.527128838,3,18382476,18,5857600,-1
34254.527134366,3,18381088,18,5857700,-1
34254.527135551,3,18382475,18,5857700,-1
34254.527136131,3,18382479,12,5857400,-1
34254.52714833,3,18383216,18,5853600,1
34254.527151149,3,18383217,6,5853500,1
34254.527152184,3,18382478,18,5853300,1
34254.528583347,1,18400127,100,5856800,-1
34254.624247511,1,18401824,50,5850000,1
34254.631582097,1,18401954,1000,5856500,-1
34255.343252632,1,18415422,200,5852000,1
34255.3596057,3,17325702,100,5859900,-1
34256.19063387,4,18401954,20,5856500,-1
34256.190719401,1,18430075,18,5853200,1
34256.190756615,1,18430078,18,5853300,1
34256.190807809,1,18430082,6,5853500,1
34256.191559618,3,18400127,100,5856800,-1
34256.19319428,1,18430131,100,5856500,-1
34256.584770476,1,18435674,100,5856400,-1
34256.584868415,3,18430075,18,5853200,1
34256.584871126,3,18430078,18,5853300,1
34256.585857323,4,18435674,100,5856400,-1
34256.585924316,1,18435728,18,5853500,1
34256.585936731,1,18435729,100,5853600,1
34256.58596536,1,18435733,6,5853600,1
34256.750276532,3,18435729,100,5853600,1
34256.750383635,3,18435733,6,5853600,1
34256.750384117,3,18430082,6,5853500,1
34256.750399994,3,18435728,18,5853500,1
34256.960845789,1,18444308,18,5853500,1
34256.960874586,1,18444311,18,5853400,1
34256.960912588,1,18444314,6,5853300,1
34256.971417778,1,18445709,35,5855700,1
34256.971524648,3,18444308,18,5853500,1
34256.971532417,3,18444311,18,5853400,1
34256.971549592,3,18444314,6,5853300,1
34256.971971766,4,18445709,35,5855700,1
34256.972053393,1,18445746,100,5856400,-1
34256.972065621,1,18445749,14,5853300,1
34256.973616558,3,18430131,100,5856500,-1
34256.973931204,1,18445916,100,5852900,1
34256.973968902,3,18213670,100,5851400,1
34257.005572647,1,18446625,18,5856100,-1
34257.005603723,1,18446627,18,5856200,-1
34257.005635317,1,18446630,18,5856300,-1
34257.005654361,1,18446631,12,5856400,-1
34257.033394971,1,18447705,18,5853600,1
34257.033423749,1,18447706,10,5853500,1
34257.082338684,3,18445916,100,5852900,1
34257.08298918,1,18448814,100,5852400,1
34257.130129281,3,18445746,100,5856400,-1
34257.130242807,3,18446625,18,5856100,-1
34257.130246705,3,18446627,18,5856200,-1
34257.130249903,3,18446630,18,5856300,-1
34257.130250421,3,18446631,12,5856400,-1
34257.134145042,3,18448814,100,5852400,1
34257.577139389,5,0,100,5855700,-1
34257.577308273,3,18447706,10,5853500,1
34257.577308924,3,18445749,14,5853300,1
34257.635637197,1,18460556,18,5856200,-1
34257.635668218,1,18460560,18,5856300,-1
34257.635711793,1,18460564,12,5856500,-1
34257.635718679,1,18460565,18,5856400,-1
34257.725580772,1,18462798,18,5853900,1
34257.725620834,1,18462803,6,5853800,1
34258.199764617,1,18475910,100,5857200,-1
34258.199922231,3,18447705,18,5853600,1
34258.199928727,3,18460556,18,5856200,-1
34258.199929254,3,18460560,18,5856300,-1
34258.1999297,3,18460565,18,5856400,-1
34258.199942328,3,18462798,18,5853900,1
34258.199954264,3,18460564,12,5856500,-1
34258.199971706,3,18462803,6,5853800,1
34258.20182267,5,0,200,5855700,-1
34258.201899757,1,18475976,18,5853200,1
34258.201939596,1,18475980,18,5853300,1
34258.201977896,1,18475984,6,5853500,1
34258.268123635,1,18477996,100,5850500,1
34258.779917044,1,18493677,18,5856200,-1
34258.779955942,1,18493684,18,5856300,-1
34258.779962784,1,18493685,18,5856400,-1
34258.779987847,1,18493689,12,5856500,-1
34258.780095812,3,18475984,6,5853500,1
34258.780097936,3,18475976,18,5853200,1
34258.780098564,3,18475980,18,5853300,1
34259.263556695,1,18506481,18,5853500,1
34259.263601122,1,18506484,18,5853400,1
34259.263630335,1,18506489,6,5853300,1
34259.263724378,3,18493684,18,5856300,-1
34259.263725561,3,18493689,12,5856500,-1
34259.263726836,3,18493677,18,5856200,-1
34259.263748965,3,18493685,18,5856400,-1
34259.575196354,1,18514142,18,5856200,-1
34259.575225108,1,18514146,18,5856300,-1
34259.575254395,1,18514148,18,5856400,-1
34259.57525813,1,18514149,12,5856500,-1
34259.575371986,3,18506481,18,5853500,1
34259.575378773,3,18506484,18,5853400,1
34259.57539608,3,18506489,6,5853300,1
34259.705453799,1,18517387,18,5853500,1
34259.70549548,1,18517392,18,5853400,1
34259.705516028,1,18517395,6,5853300,1
34259.705624488,3,18514142,18,5856200,-1
34259.705630111,3,18514146,18,5856300,-1
34259.705631624,3,18514149,12,5856500,-1
34259.705635005,3,18514148,18,5856400,-1
34259.711397229,5,0,82,5855700,-1
34259.712524623,5,0,100,5855900,-1
34259.714077542,1,18518989,100,5856400,-1
34259.71846543,5,0,33,5856200,-1
34259.719379992,3,18518989,100,5856400,-1
34259.721910965,1,18521567,100,5856400,-1
34259.726523371,1,18522395,84,5856000,1
34259.72666333,3,18517392,18,5853400,1
34259.726670893,3,18517387,18,5853500,1
34259.726691493,3,18517395,6,5853300,1
34259.728897981,5,0,100,5856300,-1
34259.728897981,4,18521567,100,5856400,-1
34259.728979308,1,18522857,100,5855100,1
34259.729111006,1,18522880,100,5856400,-1
34259.729250575,4,18522880,100,5856400,-1
34259.729324418,5,0,980,5856400,-1
34259.729399971,5,0,300,5856400,-1
34259.729508202,1,18522935,100,5856400,-1
34259.729520767,4,18522935,60,5856400,-1
34259.729710872,4,18522395,84,5856000,1
34259.729789444,1,18522971,100,5856400,-1
34259.729791913,1,18522973,100,5856400,-1
34259.729999606,5,0,245,5856200,-1
34259.730597142,3,18522973,100,5856400,-1
34259.730600451,3,18522935,40,5856400,-1
34259.732872091,1,18523236,100,5856300,-1
34259.743508654,5,0,100,5856100,-1
34259.878295675,3,18522857,100,5855100,1
34259.878306011,3,18522971,100,5856400,-1
34259.879636824,1,18528723,100,5853000,1
34259.893064763,3,18528723,100,5853000,1
34259.893721149,1,18528958,100,5852100,1
34259.896048489,5,0,300,5856200,-1
34259.896048489,4,18523236,100,5856300,-1
34259.896048489,5,0,157,5856300,-1
34259.896127721,1,18528991,18,5853200,1
34259.896130213,1,18528992,100,5853300,1
34259.896164053,1,18528997,18,5853300,1
34259.896220718,1,18529001,6,5853500,1
34259.896303576,1,18529003,100,5856300,-1
34259.903313208,1,18529133,18,5856000,-1
34259.903341229,1,18529134,18,5856100,-1
34259.903375743,1,18529137,18,5856200,-1
34259.90338676,1,18529139,12,5856300,-1
34259.905336332,1,18529243,100,5852600,1
34259.905366107,3,18528958,100,5852100,1
34259.933213123,4,18529133,18,5856000,-1
34259.933213123,4,18529134,18,5856100,-1
34259.933213123,4,18529137,18,5856200,-1
34259.933213123,4,18529003,7,5856300,-1
34259.933302666,1,18529941,100,5853600,1
34259.933456906,1,18529953,100,5856300,-1
34259.9365418,3,18528992,100,5853300,1
34259.967070246,1,18530637,18,5853900,1
34259.967096555,1,18530638,2,5853800,1
34259.967194179,3,18528991,18,5853200,1
34259.967194617,3,18528997,18,5853300,1
34260.08229932,3,18529941,100,5853600,1
34260.082437243,3,18530638,2,5853800,1
34260.082442428,3,18529001,6,5853500,1
34260.082464065,3,18529139,12,5856300,-1
34260.082480027,3,18530637,18,5853900,1
34260.175056071,3,18529243,100,5852600,1
34260.175705558,1,18542146,100,5852100,1
34260.189910763,4,18529003,84,5856300,-1
34260.190017253,1,18542740,18,5853200,1
34260.190049327,1,18542750,18,5853300,1
34260.1900905,1,18542764,18,5853500,1
34260.1901268,1,18542774,18,5853400,1
34260.191825424,4,18529003,9,5856300,-1
34260.191825424,4,18529953,100,5856300,-1
34260.191908736,1,18542910,100,5853600,1
34260.191914426,1,18542911,2,5853600,1
34260.192087881,1,18542924,100,5856300,-1
34260.195383205,4,18542924,100,5856300,-1
34260.195460987,1,18543183,100,5853700,1
34260.195651584,1,18543197,100,5856300,-1
34260.19654857,3,18542910,100,5853600,1
34260.350303399,3,18543183,100,5853700,1
34260.350447079,3,18542750,18,5853300,1
34260.350450723,3,18542774,18,5853400,1
34260.35045164,3,18542740,18,5853200,1
34260.350452604,3,18542764,18,5853500,1
34260.350472351,3,18542911,2,5853600,1
34260.371712509,3,18542146,100,5852100,1
34260.391526108,3,12767108,1000,5848500,1
34260.650614549,1,18564135,54,5843800,1
34260.748314925,1,18568743,18,5853500,1
34260.748366219,1,18568747,18,5853400,1
34260.748380956,1,18568749,18,5853300,1
34260.748422539,1,18568754,18,5853200,1
34260.816732866,1,18572243,50,5850000,1
34260.939909225,1,18577181,18,5856000,-1
34260.939934686,1,18577184,16,5856100,-1
34260.940045704,3,18568749,18,5853300,1
34260.940046356,3,18568743,18,5853500,1
34260.940046854,3,18568754,18,5853200,1
34260.940064642,3,18568747,18,5853400,1
34261.114798215,1,18583519,100,5856500,-1
34261.114892424,3,18577181,18,5856000,-1
34261.114893155,3,18577184,16,5856100,-1
34261.12834526,3,2114188,2,5850000,1
34261.189905579,3,2854293,10,5850000,1
34261.267491427,1,18590091,18,5853500,1
34261.267530537,1,18590114,18,5853400,1
34261.267545536,1,18590119,18,5853300,1
34261.267590314,1,18590142,18,5853200,1
34261.342636256,1,18594434,18,5856000,-1
34261.342664086,1,18594435,16,5856100,-1
34261.383116969,3,16467671,100,5858100,-1
34261.383236614,3,18590091,18,5853500,1
34261.383237408,3,18590114,18,5853400,1
34261.383242087,3,18590119,18,5853300,1
34261.383242471,3,18590142,18,5853200,1
34261.504365576,1,18599524,18,5853300,1
34261.504485169,3,18594435,16,5856100,-1
34261.504515167,1,18599547,2,5853200,1
34261.50454952,3,18594434,18,5856000,-1
34261.534739258,1,18600633,18,5853400,1
34261.80663996,1,18610124,18,5856000,-1
34261.806646876,1,18610125,16,5856100,-1
34261.806758312,3,18599547,2,5853200,1
34261.806759711,3,18599524,18,5853300,1
34261.806776323,3,18600633,18,5853400,1
34261.823916735,1,18610679,18,5853500,1
34261.823944732,1,18610681,18,5853400,1
34261.823975881,1,18610687,18,5853300,1
34261.823997729,1,18610688,18,5853200,1
34261.824108543,4,18610124,18,5856000,-1
34261.824108543,4,18610125,16,5856100,-1
34261.824108543,4,18543197,66,5856300,-1
34261.824199062,1,18610723,2,5853600,1
34261.824211246,1,18610729,100,5853600,1
34261.824573955,1,18610930,100,5856300,-1
34261.826038405,3,18543197,34,5856300,-1
34261.826049243,3,18610930,100,5856300,-1
34261.828016366,1,18611712,100,5856400,-1
34261.828892354,1,18611807,100,5855800,1
34261.829029662,3,18610679,18,5853500,1
34261.829030781,3,18610687,18,5853300,1
34261.829031538,3,18610688,18,5853200,1
34261.829033151,3,18610681,18,5853400,1
34261.829062881,3,18610723,2,5853600,1
34261.829204866,1,18611841,100,5855800,1
34261.829973322,4,18611712,100,5856400,-1
34261.83004683,1,18611900,100,5856000,1
34261.830207689,1,18611910,100,5856400,-1
34261.83041799,4,18611910,30,5856400,-1
34261.830675749,4,18611910,70,5856400,-1
34261.830675749,5,0,95,5856400,-1
34261.83075425,1,18611961,100,5856400,-1
34261.834884247,3,18610729,100,5853600,1
34261.945966689,4,18611961,11,5856400,-1
34261.946245937,1,18616813,100,5856400,-1
34261.980313977,3,18611900,100,5856000,1
34262.264793162,3,18611841,100,5855800,1
34262.292950338,3,18611807,100,5855800,1
34262.347472593,3,18616813,100,5856400,-1
34262.347495148,3,18611961,89,5856400,-1
34262.348255941,1,18634303,100,5852600,1
34262.359308363,3,18634303,100,5852600,1
34262.359951821,1,18634707,100,5852400,1
34262.361791341,3,18634707,100,5852400,1
34262.368055546,3,3171647,5,5850000,1
34262.407132265,1,18636517,500,5850100,1
34262.530185742,1,18640622,100,5852100,1
34262.613399687,3,18475910,100,5857200,-1
34262.614056156,1,18643319,100,5857300,-1
34262.624474975,3,18643319,100,5857300,-1
34262.659610895,1,18644548,100,5856700,-1
34262.708710168,5,0,10,5855900,-1
34262.708802955,1,18645927,18,5853200,1
34262.708847497,1,18645931,18,5853300,1
34262.708889487,1,18645933,18,5853500,1
34262.708920694,1,18645934,18,5853400,1
34263.025180315,5,0,10,5854300,1
34263.025275358,1,18655735,18,5853600,1
34263.025394685,3,18645933,18,5853500,1
34263.02539603,3,18645934,18,5853400,1
34263.025396548,3,18645927,18,5853200,1
34263.025397459,3,18645931,18,5853300,1
34263.029268535,1,18655962,100,5856300,-1
34263.141460721,3,3172468,5,5850000,1
34263.432736842,3,3304030,4,5850000,1
34263.612227278,5,0,100,5855700,-1
34263.612316413,1,18675995,18,5853700,1
34263.612379235,1,18676008,18,5853900,1
34263.612397231,1,18676011,18,5853800,1
34263.613130924,3,18655962,100,5856300,-1
34263.614803009,1,18676119,100,5856300,-1
34264.211684199,1,18694938,35,5855900,1
34264.211828139,3,18655735,18,5853600,1
34264.211833233,3,18675995,18,5853700,1
34264.211843384,3,18676008,18,5853900,1
34264.211857864,3,18676011,18,5853800,1
34264.212574525,4,18694938,35,5855900,1
34264.21267996,1,18695112,18,5853300,1
34264.214495961,3,18676119,100,5856300,-1
34264.216159784,1,18695364,100,5856300,-1
34264.25695608,5,0,100,5856000,-1
34264.257040523,1,18696557,18,5853400,1
34264.257093078,1,18696562,18,5853600,1
34264.257121589,1,18696563,18,5853500,1
34264.257834777,3,18695364,100,5856300,-1
34264.25944627,1,18696632,100,5856300,-1
34264.536336941,1,18702012,100,5853000,1
34264.536354584,3,18640622,100,5852100,1
34264.536459399,3,18696557,18,5853400,1
34264.536465521,3,18696562,18,5853600,1
34264.536467307,3,18695112,18,5853300,1
34264.536467869,3,18696563,18,5853500,1
34264.611582456,1,18703383,18,5853500,1
34264.611615502,1,18703385,18,5853400,1
34264.611635632,1,18703387,18,5853300,1
34264.61165993,1,18703389,18,5853200,1
34264.642529378,3,18583519,100,5856500,-1
34264.647981715,1,18704437,100,5857800,-1
34264.883926554,3,18644548,100,5856700,-1
34264.88405407,3,18703389,18,5853200,1
34264.884055019,3,18703383,18,5853500,1
34264.884055412,3,18703385,18,5853400,1
34264.884055849,3,18703387,18,5853300,1
34264.884583845,1,18708685,100,5857200,-1
34265.012575191,1,18711138,100,5856200,-1
34265.012579487,3,18708685,100,5857200,-1
34265.314841697,3,4294238,49,5846900,1
34265.697706312,1,18726212,18,5853500,1
34265.69774865,1,18726217,18,5853400,1
34265.697769484,1,18726218,18,5853300,1
34265.697789655,1,18726219,18,5853200,1
34265.707007203,1,18726455,500,5859000,-1
34265.833550797,1,18729194,5,5845600,1
34266.016257078,3,18711138,100,5856200,-1
34266.016378836,3,18726218,18,5853300,1
34266.016390122,3,18726212,18,5853500,1
34266.016390644,3,18726217,18,5853400,1
34266.016414152,3,18726219,18,5853200,1
34266.016899989,1,18734380,100,5857200,-1
34266.024563792,3,18734380,100,5857200,-1
34266.048017772,3,16401226,300,5840100,1
34266.056037004,1,18735561,18,5853500,1
34266.056071531,1,18735562,18,5853400,1
34266.056103541,1,18735563,18,5853300,1
34266.056136407,1,18735566,18,5853200,1
34266.09213268,3,4027388,20,5836000,1
34266.116756852,3,13434669,19,5830000,1
34266.432947907,1,18744010,5,5845700,1
34266.873653615,1,18752484,5,5845800,1
34267.136875118,3,18696632,100,5856300,-1
34267.137012763,3,18735561,18,5853500,1
34267.137013234,3,18735562,18,5853400,1
34267.13702424,3,18735563,18,5853300,1
34267.13702524,3,18735566,18,5853200,1
34267.13865765,1,18759190,100,5856200,-1
34267.155097192,1,18759837,18,5853500,1
34267.155126171,1,18759840,18,5853400,1
34267.155151284,1,18759841,18,5853300,1
34267.155171519,1,18759844,18,5853200,1
34267.409580956,1,18765667,5,5845900,1
34267.865451992,1,18774919,5,5846000,1
34268.425083333,1,18786479,5,5846100,1
34268.841302326,1,18795546,5,5846200,1
34269.321286907,1,18808029,5,5846300,1
34269.669174061,3,12020620,38,5850100,1
34269.699430968,3,12020650,10,5850100,1
34269.719906104,3,12020742,20,5850100,1
34269.729817529,3,12020771,21,5850100,1
34270.012588721,3,16446663,100,5870000,-1
34270.021359911,3,18759190,100,5856200,-1
34270.021484657,3,18759840,18,5853400,1
34270.021486547,3,18759837,18,5853500,1
34270.021497428,3,18759844,18,5853200,1
34270.02150852,3,18759841,18,5853300,1
34270.023938369,1,18826632,80,5854300,-1
34270.024882531,3,18702012,100,5853000,1
34270.025571706,1,18826798,100,5852100,1
34270.026598704,1,18826884,100,5856200,-1
34270.030604846,1,18827231,10,5854400,-1
34270.030771464,3,18827231,10,5854400,-1
34270.030771464,1,18827240,10,5854600,-1
34270.04184905,3,18826798,100,5852100,1
34270.042512792,1,18828665,100,5851900,1
34270.085057253,1,18832369,18,5853500,1
34270.085100537,1,18832374,18,5853400,1
34270.085131884,1,18832377,18,5853300,1
34270.08515452,1,18832380,18,5853200,1
34270.085255367,3,18827240,10,5854600,-1
34270.085255367,4,18832369,10,5853500,1
34270.085364701,4,18832369,8,5853500,1
34270.085444858,1,18832394,100,5855100,-1
34270.086147638,3,18826884,100,5856200,-1
34270.104431749,4,18832374,18,5853400,1
34270.106940669,5,0,1,5853400,1
34270.106940669,4,18832377,18,5853300,1
34270.107019493,4,18229784,100,5853200,1
34270.107019493,4,18328480,200,5853200,1
34270.107019493,4,18832380,18,5853200,1
34270.107021976,1,18833464,100,5855000,-1
34270.107440284,1,18833480,18,5852400,1
34270.108441914,3,18832394,100,5855100,-1
34270.211279804,3,18828665,100,5851900,1
34270.211937564,1,18839130,100,5851800,1
34270.230930875,5,0,100,5854200,-1
34270.230930875,4,18826632,80,5854300,-1
34270.231008544,1,18840084,100,5853100,1
34270.231016058,1,18840086,18,5852500,1
34270.231083555,4,18833464,100,5855000,-1
34270.231154273,3,18833480,18,5852400,1
34270.231173629,3,18840086,18,5852500,1
34270.231795891,1,18840136,200,5856600,-1
34270.2324598,1,18840165,100,5856200,-1
34270.233933883,3,18840165,100,5856200,-1
34270.235534103,1,18840282,100,5856200,-1
34270.242202869,3,18840136,200,5856600,-1
34270.242892609,1,18840507,200,5857200,-1
34270.248328008,3,18840507,200,5857200,-1
34270.249002626,1,18840642,200,5857300,-1
34270.256010294,3,18840642,200,5857300,-1
34270.256723393,1,18840822,200,5857600,-1
34270.257407678,1,18840835,18,5855900,-1
34270.257436921,1,18840839,18,5856000,-1
34270.257455178,1,18840840,18,5856100,-1
34270.257475355,1,18840841,18,5856200,-1
34270.394294159,3,18840084,100,5853100,1
34270.394420811,3,18840839,18,5856000,-1
34270.394425398,3,18840835,18,5855900,-1
34270.394425867,3,18840840,18,5856100,-1
34270.394430125,3,18840841,18,5856200,-1
34270.398497887,2,18840822,100,5857600,-1
34270.599373841,5,0,100,5856100,-1
34270.59946132,1,18848157,18,5852300,1
34270.599502601,1,18848161,18,5852400,1
34270.600248006,1,18848190,100,5857600,-1
34270.600305445,3,18840282,100,5856200,-1
34270.601967383,1,18848243,100,5856400,-1
34270.603030961,3,18848190,100,5857600,-1
34270.606762801,3,18840822,100,5857600,-1
34270.606770644,1,18848365,100,5857700,-1
34270.607423423,1,18848375,100,5857700,-1
34271.029030492,1,18857695,200,5852900,1
34271.029128612,3,18848157,18,5852300,1
34271.029129694,3,18848161,18,5852400,1
34271.029217849,3,18839130,100,5851800,1
34271.086869628,1,18859116,18,5856300,-1
34271.094170397,1,18859424,18,5853200,1
34271.094188111,1,18859427,18,5853100,1
34271.115118315,3,18848375,100,5857700,-1
34271.247409599,1,18863452,200,5857500,-1
34271.247507601,3,18859116,18,5856300,-1
34271.247508413,3,18859427,18,5853100,1
34271.247606632,3,18848365,100,5857700,-1
34271.850956071,1,18879462,200,5853400,1
34271.851040117,3,18859424,18,5853200,1
34271.851146176,3,18857695,200,5852900,1
34272.714961867,3,18848243,100,5856400,-1
34272.715074565,1,18899057,100,5853600,1
34272.71666182,1,18899085,100,5856400,-1
34272.722876875,1,18899190,200,5852200,1
34272.821962399,1,18902482,18,5853800,1
34272.82199444,1,18902487,18,5853600,1
34272.830397476,5,0,29,5856200,-1
34272.831316933,3,18899085,100,5856400,-1
34272.832476159,5,0,71,5856200,-1
34272.832476159,5,0,10,5856300,-1
34272.833504834,1,18905925,100,5856400,-1
34272.83527646,3,18863452,200,5857500,-1
34272.835953033,1,18906526,200,5857700,-1
34273.128173619,3,18899057,100,5853600,1
34273.128260286,3,18902487,18,5853600,1
34273.137327992,1,18916805,18,5854100,1
34273.258724107,1,18919198,18,5856300,-1
34273.258810429,3,18902482,18,5853800,1
34273.25881242,3,18916805,18,5854100,1
34273.408912021,1,18923822,18,5853700,1
34273.408940817,1,18923823,18,5853600,1
34273.409010038,3,18919198,18,5856300,-1
34273.483747163,3,18374122,100,5852300,1
34273.489189881,1,18925554,100,5845300,1
34273.688801716,1,18928927,100,5853800,1
34273.688819596,3,18879462,200,5853400,1
34273.688896941,3,18923823,18,5853600,1
34273.688897358,3,18923822,18,5853700,1
34273.96974997,1,18934611,200,5853900,1
34273.969753393,3,18928927,100,5853800,1
34273.978291626,1,18934846,18,5854000,1
34274.64402051,1,18948753,18,5856100,-1
34274.644053348,1,18948754,18,5856200,-1
34274.644080084,1,18948756,18,5856300,-1
34274.644102406,1,18948758,18,5856400,-1
34274.644169616,3,18934846,18,5854000,1
34274.646714937,1,18948889,100,5854500,1
34274.651451386,3,18948889,100,5854500,1
34274.651451386,1,18949054,100,5855100,1
34274.651596186,4,18949054,100,5855100,1
34274.651682979,1,18949077,18,5854000,1
34276.514782258,3,18925554,100,5845300,1
34276.520277584,1,18987990,100,5852400,1
34276.520426834,3,18948753,18,5856100,-1
34276.520427588,3,18948754,18,5856200,-1
34276.520430296,3,18948756,18,5856300,-1
34276.520431607,3,18948758,18,5856400,-1
34276.520459978,3,18949077,18,5854000,1
34276.740756498,1,18992668,18,5853900,1
34276.771794098,3,18905925,100,5856400,-1
34276.773441361,1,18993161,100,5856300,-1
34277.377202932,5,0,100,5856150,-1
34277.377258512,4,18993161,100,5856300,-1
34277.37729475,1,19007953,18,5854000,1
34277.377502838,1,19007962,100,5856300,-1
34277.378089883,3,19007962,100,5856300,-1
34277.379774706,1,19008082,100,5856400,-1
34277.381977213,1,19008186,100,5856400,-1
34277.400647121,1,19009075,100,5856400,-1
34277.788580618,1,19026627,100,5856500,-1
34277.78867931,3,19007953,18,5854000,1
34277.788681693,3,18992668,18,5853900,1
34277.788764312,3,18906526,200,5857700,-1
34277.799145107,1,19027288,18,5856200,-1
34277.799183639,1,19027292,18,5856300,-1
34277.799237134,1,19027298,100,5856200,-1
34277.799766366,3,19008186,100,5856400,-1
34278.001790938,1,19033166,18,5854100,1
34278.001834063,1,19033169,18,5853900,1
34278.001914285,3,19027288,18,5856200,-1
34278.00193323,3,19027292,18,5856300,-1
34278.182265802,3,19009075,100,5856400,-1
34278.182363091,3,19033166,18,5854100,1
34278.18238099,3,19033169,18,5853900,1
34278.184801559,1,19039904,100,5856200,-1
34278.185457289,3,19039904,100,5856200,-1
34278.336302196,1,19043926,18,5854200,1
34278.336337702,1,19043929,18,5854100,1
34278.681703256,1,19051396,150,5854300,1
34278.681805991,3,19043926,18,5854200,1
34278.681806507,3,19043929,18,5854100,1
34278.68469941,1,19051433,100,5856200,-1
34278.890369366,3,16127688,100,5850000,1
34278.89052136,5,0,100,5855300,-1
34278.890608555,1,19055241,18,5854300,1
34278.890641713,1,19055243,18,5854400,1
34278.891431176,3,19008082,100,5856400,-1
34278.891627439,4,19027298,100,5856200,-1
34278.891627439,4,19051433,37,5856200,-1
34278.893068261,1,19055346,100,5856300,-1
34278.894033402,3,19055346,100,5856300,-1
34278.895674158,5,0,100,5856100,1
34278.897509284,1,19055532,100,5856300,-1
34278.970361074,3,19051433,63,5856200,-1
34278.97270665,1,19057044,100,5856100,-1
34279.058497334,3,19057044,100,5856100,-1
34279.058597301,3,19055243,18,5854400,1
34279.05859767,3,19055241,18,5854300,1
34279.095631498,1,19060163,100,5856300,-1
34279.100915798,1,19060279,18,5854600,1
34279.100930477,1,19060280,18,5854500,1
34279.123404495,1,19060787,77,5868900,-1
34279.59121377,5,0,62,5854700,1
34279.591298663,1,19068312,18,5856200,-1
34279.591402103,3,19060279,18,5854600,1
34279.591402582,3,19060280,18,5854500,1
34279.592117725,3,19055532,100,5856300,-1
34279.593811946,1,19068371,100,5856200,-1
34279.595467552,3,19060163,100,5856300,-1
34279.612482113,1,19069058,100,5856200,-1
34279.613078636,5,0,100,5854700,1
34279.613966256,3,19068371,100,5856200,-1
34279.615683663,1,19069153,100,5856100,-1
34279.617010198,3,19069058,100,5856200,-1
34279.963346441,1,19079059,18,5854600,1
34279.963386453,1,19079066,18,5854500,1
34279.963451913,3,19068312,18,5856200,-1
34279.967802871,1,19079190,100,5856100,-1
34280.628112655,5,0,100,5855300,-1
34280.628280182,3,19079059,18,5854600,1
34280.62828144,3,19079066,18,5854500,1
34280.629099757,3,19069153,100,5856100,-1
34280.630730875,1,19094870,100,5856000,-1
34280.63206928,3,19079190,100,5856100,-1
34280.952361211,5,0,100,5855800,-1
34280.952440239,1,19101699,18,5854300,1
34280.952481895,1,19101702,18,5854400,1
34280.95329139,3,19094870,100,5856000,-1
34280.955015735,1,19101756,100,5856300,-1
34280.955880267,1,19101780,100,5856000,-1
34280.958563022,3,19101780,100,5856000,-1
34281.049755517,3,18934611,200,5853900,1
34281.050417463,1,19103847,100,5853800,1
34281.059552316,3,19103847,100,5853800,1
34281.059564129,1,19104119,100,5853400,1
34281.06022617,1,19104126,100,5853400,1
34281.153175782,1,19107439,100,5856300,-1
34281.15326138,3,19101699,18,5854300,1
34281.158189681,1,19107744,18,5854700,1
34281.170327051,5,0,90,5856000,-1
34281.171224041,3,19101756,100,5856300,-1
34281.17300783,1,19108377,100,5856200,-1
34281.311595037,3,19107439,100,5856300,-1
34281.311690015,3,19101702,18,5854400,1
34281.311696767,3,19107744,18,5854700,1
34281.31373722,5,0,10,5855800,-1
34281.31373722,5,0,90,5856100,-1
34281.313809617,1,19112281,18,5854300,1
34281.313845441,1,19112284,18,5854400,1
34281.314602817,3,19108377,100,5856200,-1
34281.316153404,1,19112329,100,5856300,-1
34281.337079037,1,19112829,35,5850400,1
34281.344872902,4,19112329,100,5856300,-1
34281.345041522,1,19114185,100,5854500,1
34281.345224099,1,19114324,100,5856300,-1
34281.348641172,4,19114324,27,5856300,-1
34281.34898398,1,19116002,100,5856300,-1
34281.350897901,4,19114324,73,5856300,-1
34281.350897901,4,19116002,100,5856300,-1
34281.351022076,1,19117016,100,5854600,1
34281.351223088,1,19117109,100,5856300,-1
34281.351360262,4,19117109,100,5856300,-1
34281.351360262,5,0,100,5856300,-1
34281.351580205,1,19117258,100,5856300,-1
34281.356885621,1,19119043,100,5856300,-1
34281.358313235,3,19114185,100,5854500,1
34281.362866376,4,19117258,85,5856300,-1
34281.363081875,1,19119958,100,5856300,-1
34281.442335448,3,19112829,35,5850400,1
34281.450083526,1,19126333,35,5854600,1
34281.450166926,3,19112281,18,5854300,1
34281.461529129,1,19127217,100,5856300,-1
34281.461610269,3,19112284,18,5854400,1
34281.660812539,3,19126333,35,5854600,1
34281.668091247,1,19133226,35,5852500,1
34281.698310859,3,19117016,100,5854600,1
34281.768525735,1,19136439,18,5854600,1
34281.768561749,1,19136440,18,5854500,1
34281.901338052,3,19133226,35,5852500,1
34281.90143498,3,19136439,18,5854600,1
34281.901436182,3,19136440,18,5854500,1
34281.908846241,1,19139187,35,5854700,1
34281.924933784,3,19026627,100,5856500,-1
34281.924942253,1,19139484,100,5857700,-1
34281.925624505,1,19139495,100,5857700,-1
34282.109119208,3,19139187,35,5854700,1
34282.116582566,1,19144352,35,5852500,1
34282.442346087,3,19119958,100,5856300,-1
34282.442367796,3,19117258,15,5856300,-1
34282.642863652,3,19104126,100,5853400,1
34282.64286564,3,19104119,100,5853400,1
34282.643502034,1,19154161,100,5852900,1
34282.643660233,1,19154168,100,5852900,1
34282.680357603,1,19154788,20,5854400,1
34282.941335287,3,19144352,35,5852500,1
34282.948378616,1,19160182,35,5850400,1
34283.541397954,1,19169737,18,5854700,1
34283.541432872,1,19169739,18,5854600,1
34283.543353777,1,19169827,100,5856200,-1
34283.543428075,1,19169831,100,5856200,-1
34283.545025965,3,19119043,100,5856300,-1
34283.560837638,3,19127217,100,5856300,-1
34283.563717278,1,19170111,100,5856200,-1
34283.722987642,4,19169737,1,5854700,1
34283.723157769,3,19169739,18,5854600,1
34283.723160398,3,19169737,17,5854700,1
34283.723862481,3,19169827,100,5856200,-1
34283.725627228,1,19172962,100,5856100,-1
34283.725707201,1,19172969,100,5856100,-1
34283.726125203,3,19169831,100,5856200,-1
34283.758525627,3,19170111,100,5856200,-1
34283.761330751,1,19173975,100,5856100,-1
34283.936477117,3,19172962,100,5856100,-1
34283.937886139,5,0,6,5854500,1
34283.937886139,5,0,200,5854500,1
34283.937886139,5,0,110,5854500,1
34283.937886139,5,0,90,5854500,1
34283.937886139,4,19154788,20,5854400,1
34284.220198526,4,19051396,150,5854300,1
34284.220297219,1,19182040,18,5853000,1
34284.220915916,1,19182051,200,5856700,-1
34284.220942681,3,19139484,100,5857700,-1
34284.220945154,3,19139495,100,5857700,-1
34284.233906555,3,19154161,100,5852900,1
34284.233909638,3,19154168,100,5852900,1
34284.234550171,1,19182246,100,5852400,1
34284.234830301,1,19182248,100,5852400,1
34284.293742431,3,19173975,100,5856100,-1
34284.296709911,1,19183210,100,5856000,-1
34284.296786976,1,19183212,100,5856000,-1
34284.297213686,3,19172969,100,5856100,-1
34284.336015114,5,0,100,5855600,-1
34284.336140569,5,0,83,5855700,-1
34284.336140569,5,0,17,5855900,-1
34284.336143811,1,19185387,7,5853100,1
34284.337823303,1,19186476,100,5855900,-1
34284.337926232,1,19186534,100,5855900,-1
34284.339447752,3,19183212,100,5856000,-1
34284.365546413,3,19183210,100,5856000,-1
34284.367761273,1,19192216,100,5855900,-1
34284.374245991,1,19192551,18,5855600,-1
34284.374279029,1,19192554,18,5855700,-1
34284.374304305,1,19192558,18,5855800,-1
34284.374313382,1,19192560,100,5855600,-1
34284.374320852,1,19192562,18,5855900,-1
34284.374847828,3,19186534,100,5855900,-1
34284.426697721,3,19192216,100,5855900,-1
34284.429358447,1,19196464,100,5855600,-1
34284.476245747,3,19160182,35,5850400,1
34284.476343928,3,19182040,18,5853000,1
34284.476359258,3,19185387,7,5853100,1
34284.477281902,1,19198199,16,5852600,1
34284.524764024,1,19200640,35,5852500,1
34284.524892462,3,19192554,18,5855700,-1
34284.524894299,3,19192562,18,5855900,-1
34284.52489753,3,19192551,18,5855600,-1
34284.524898169,3,19192558,18,5855800,-1
34284.537113124,3,12040928,2,5850400,1
34284.640939527,3,19200640,35,5852500,1
34284.641022408,3,19198199,16,5852600,1
34284.644820898,1,19203759,18,5852700,1
34284.6448467,1,19203761,7,5852600,1
34284.647147708,1,19203846,35,5850400,1
34284.88758945,3,19182246,100,5852400,1
34284.887590191,3,19182248,100,5852400,1
34284.88768224,3,19203759,18,5852700,1
34284.887683805,3,19203761,7,5852600,1
34284.888248644,1,19208650,100,5851900,1
34284.888464312,1,19208658,100,5851900,1
34284.946556332,1,19209566,18,5852700,1
34284.946589212,1,19209569,7,5852600,1
34285.051021095,1,19212652,200,5852400,1
34285.051202596,3,19208658,100,5851900,1
34285.051203019,3,19208650,100,5851900,1
34285.16376066,1,19216026,1000,5835000,1
34285.197270112,5,0,100,5853700,1
34285.197418618,3,19209569,7,5852600,1
34285.198216325,3,19186476,100,5855900,-1
34285.200830729,3,19196464,100,5855600,-1
34285.201355899,1,19216740,100,5855500,-1
34285.20142492,1,19216741,100,5855500,-1
34285.201909551,3,19192560,100,5855600,-1
34285.203480965,1,19216769,100,5855300,-1
34285.203550923,1,19216770,100,5855300,-1
34285.203903801,3,19216741,100,5855500,-1
34285.204262586,3,19216769,100,5855300,-1
34285.250010851,1,19217497,100,5855100,-1
34285.250087598,1,19217499,100,5855100,-1
34285.250092475,3,19209566,18,5852700,1
34285.250565561,3,19216770,100,5855300,-1
34285.251099581,3,19217497,100,5855100,-1
34285.299809209,1,19218466,100,5854900,-1
34285.299880111,1,19218468,100,5854900,-1
34285.300371959,3,19217499,100,5855100,-1
34285.300803809,2,19212652,100,5852400,1
34285.30404353,3,19212652,100,5852400,1
34285.304053666,1,19218615,100,5851900,1
34285.406189784,1,19221011,18,5852700,1
34285.406230648,1,19221014,7,5852600,1
34285.877657781,1,19229357,100,5854800,-1
34285.877741937,1,19229364,100,5854800,-1
34285.877757875,3,19221014,7,5852600,1
34285.878200665,3,19218468,100,5854900,-1
34285.880386595,3,19216740,100,5855500,-1
34285.882059968,1,19229548,100,5854700,-1
34285.882143847,1,19229555,100,5854700,-1
34285.882577204,3,19229364,100,5854800,-1
34285.901861347,5,0,100,5854600,-1
34285.901952415,1,19230579,7,5852800,1
34285.9027525,3,19229548,100,5854700,-1
34285.904455274,1,19230779,100,5854600,-1
34285.904528302,1,19230785,100,5854600,-1
34285.905086144,3,19229555,100,5854700,-1
34285.905297476,3,19218466,100,5854900,-1
34285.909107768,1,19230924,100,5854600,-1
34286.00419078,3,19230779,100,5854600,-1
34286.007637462,1,19233441,100,5851900,1
34286.036936351,1,19234695,44,5854300,1
34286.037041767,4,19234695,44,5854300,1
34286.037043636,3,19221011,18,5852700,1
34286.037044193,3,19230579,7,5852800,1
34286.037225154,1,19234722,9,5852700,1
34286.038864427,5,0,200,5854500,-1
34286.038945934,1,19234963,14,5852700,1
34286.041833783,3,19230924,100,5854600,-1
34286.080517867,1,19238603,100,5854200,-1
34286.080598217,1,19238606,100,5854200,-1
34286.081039337,3,19230785,100,5854600,-1
34286.254550803,3,18987990,100,5852400,1
34286.254645484,3,19234722,9,5852700,1
34286.254646903,3,19234963,14,5852700,1
34286.257679073,1,19243431,100,5854100,-1
34286.2577467,1,19243434,100,5854100,-1
34286.258107278,3,19238606,100,5854200,-1
34286.259994465,1,19243491,100,5846700,1
34286.298880811,3,19238603,100,5854200,-1
34286.301472235,1,19244156,100,5854100,-1
34286.422989672,1,19246126,41,5853800,1
34286.934080152,4,19243431,100,5854100,-1
34286.934080152,4,19243434,13,5854100,-1
34286.934208574,4,19243434,87,5854100,-1
34286.934208574,4,19244156,100,5854100,-1
34286.934208574,5,0,13,5854100,-1
34286.934322993,1,19258709,100,5853100,1
34286.934427575,1,19258724,100,5854100,-1
34286.934455803,4,19258724,100,5854100,-1
34286.93468781,1,19258755,100,5854100,-1
34286.934809117,4,19258755,100,5854100,-1
34286.934912533,5,0,100,5854100,-1
34286.934927867,5,0,200,5854100,-1
34286.935077877,1,19258787,100,5854100,-1
34286.935563083,4,19258787,100,5854100,-1
34286.935809748,1,19258839,100,5854100,-1
34286.935852511,4,19258839,50,5854100,-1
34286.936080454,1,19258856,100,5854100,-1
34286.936107146,4,19258839,50,5854100,-1
34286.936107146,4,19258856,50,5854100,-1
34286.936346975,1,19258880,100,5854100,-1
34286.936420667,1,19258884,200,5856200,-1
34286.936462144,3,19182051,200,5856700,-1
34286.95503368,1,19259402,100,5854100,-1
34286.966554224,4,19246126,41,5853800,1
34286.966554224,5,0,17,5853200,1
34286.966554224,4,19258709,42,5853100,1
34286.967414644,3,19258856,50,5854100,-1
34286.967419212,3,19258880,100,5854100,-1
34286.968841008,4,19258709,58,5853100,1
34286.973032264,1,19259865,100,5854000,-1
34286.984242622,1,19260106,13,5852600,-1
34286.984336913,4,19260106,13,5852600,-1
34286.996234892,3,19259402,100,5854100,-1
34286.998796439,1,19260355,100,5854000,-1
34287.114422176,3,19203846,35,5850400,1
34287.121081616,1,19263361,35,5852500,1
34287.254773559,1,19266578,18,5852700,1
34287.254820514,1,19266581,7,5852600,1
34287.284613251,3,19263361,35,5852500,1
34287.2919776,1,19267295,35,5850400,1
34287.307809734,2,19258884,100,5856200,-1
34287.311836571,5,0,75,5853700,-1
34287.311836571,4,19259865,25,5854000,-1
34287.312054312,1,19267537,100,5854000,-1
34287.315600727,3,19260355,100,5854000,-1
34287.329361069,1,19267994,100,5854000,-1
34287.357292611,3,19218615,100,5851900,1
34287.357293206,3,19233441,100,5851900,1
34287.357952973,1,19268809,200,5851400,1
34287.359968875,1,19268832,200,5851900,1
34287.359980089,3,19268809,200,5851400,1
34287.666460737,3,19229357,100,5854800,-1
34287.666561186,3,19266578,18,5852700,1
34287.666562304,3,19266581,7,5852600,1
34287.677901244,1,19274908,100,5855400,-1
34287.677904109,3,19258884,100,5856200,-1
34287.713927125,3,19259865,75,5854000,-1
34287.71393094,3,19267537,100,5854000,-1
34287.717174777,3,19267994,100,5854000,-1
34287.721959873,5,0,100,5852900,1
34287.721959873,5,0,272,5852500,1
34287.721959873,5,0,482,5852500,1
34287.721959873,5,0,46,5852300,1
34287.722040792,1,19275705,18,5855400,-1
34287.722085556,1,19275708,18,5855300,-1
34287.722139883,1,19275711,18,5855300,-1
34287.722662487,5,0,200,5852300,1
34287.723006002,5,0,72,5852300,1
34287.723491412,1,19275772,18,5855200,-1
34287.723528748,1,19275775,18,5852300,1
34287.72359441,4,19275775,18,5852300,1
34287.72359441,5,0,28,5852300,1
34287.72359441,5,0,20,5852300,1
34287.72359441,5,0,100,5852300,1
34287.72359441,4,18899190,34,5852200,1
34287.723682617,1,19275787,100,5855200,-1
34287.724139807,4,18899190,100,5852200,1
34287.724326307,1,19275833,11,5855100,-1
34287.724424278,2,19268832,100,5851900,1
34287.724613645,1,19275844,7,5855100,-1
34287.72490125,3,19268832,100,5851900,1
34287.725109766,1,19275858,100,5850900,1
34287.725130114,1,19275859,2,5852100,1
34287.725569578,1,19275874,100,5850900,1
34287.725654908,4,18899190,66,5852200,1
34287.72574365,4,19275859,2,5852100,1
34287.725792697,4,18415422,55,5852000,1
34287.725843331,4,18415422,12,5852000,1
34287.72584525,1,19275882,6,5855000,-1
34287.725873579,4,18415422,133,5852000,1
34287.725886542,1,19275886,7,5852200,1
34287.725944889,1,19275892,100,5855100,-1
34287.726033166,4,19275886,7,5852200,1
34287.726430859,3,19275787,100,5855200,-1
34287.727209329,3,19275858,100,5850900,1
34287.727212577,3,19275874,100,5850900,1
34287.727978719,1,19275977,200,5850600,1
34287.730287886,1,19276045,100,5855200,-1
34287.731077481,1,19276056,100,5852700,-1
34287.732024858,3,19276056,100,5852700,-1
34287.739422722,2,19275977,100,5850600,1
34287.773453614,3,19275977,100,5850600,1
34287.773460214,1,19276602,100,5850400,1
34287.77412386,1,19276616,100,5850400,1
34287.779270505,3,19276602,100,5850400,1
34287.779274929,3,19276616,100,5850400,1
34287.779954415,1,19276711,100,5849900,1
34287.780106745,1,19276715,100,5849900,1
34287.81471049,3,19276715,100,5849900,1
34287.819795255,1,19277374,100,5849900,1
34287.845411284,3,18704437,100,5857800,-1
34287.845563892,3,19275708,18,5855300,-1
34287.845567533,3,19275705,18,5855400,-1
34287.845571938,3,19275711,18,5855300,-1
34287.845576586,3,19275772,18,5855200,-1
34287.845586436,3,19275844,7,5855100,-1
34287.845590772,3,19275833,11,5855100,-1
34287.845602295,3,19275882,6,5855000,-1
34287.850893666,4,12614747,5,5851000,1
34287.850893666,4,18272648,31,5851000,1
34287.850964642,1,19278036,18,5855100,-1
34287.850997313,1,19278038,18,5855000,-1
34287.851037248,1,19278039,18,5854800,-1
34287.851067144,1,19278040,18,5854900,-1
34287.85313957,4,18272648,269,5851000,1
34287.85313957,5,0,185,5851000,1
34287.853207353,1,19278083,50,5853100,-1
34287.853212283,1,19278085,18,5854700,-1
34287.853213369,1,19278086,100,5854600,-1
34287.85324195,3,19278083,50,5853100,-1
34287.853266702,1,19278089,18,5854500,-1
34287.853328823,1,19278093,300,5851000,1
34287.854674142,3,19275892,100,5855100,-1
34287.855303123,3,19276045,100,5855200,-1
34287.857641185,1,19278155,100,5852800,-1
34287.858732196,3,19277374,100,5849900,1
34287.865390646,3,19276711,100,5849900,1
34287.878456437,1,19278503,100,5857800,-1
34287.904018393,4,19278093,200,5851000,1
34287.910694643,4,19278093,100,5851000,1
34287.910694643,5,0,215,5851000,1
34287.910777711,1,19279150,100,5852700,-1
34287.912918856,3,19278086,100,5854600,-1
34287.934620813,4,3647226,1,5850500,1
34287.934620813,4,18477996,100,5850500,1
34287.934693174,1,19279932,100,5854500,-1
34287.935221519,3,19279932,100,5854500,-1
34287.940574375,4,19267295,35,5850400,1
34287.940574375,4,18636517,420,5850100,1
34287.940645345,1,19280161,50,5850700,-1
34287.940649891,1,19280162,100,5854500,-1
34287.940680676,3,19280161,50,5850700,-1
34287.941080986,3,19280162,100,5854500,-1
34287.941252975,4,18636517,80,5850100,1
34287.941252975,4,1366993,4,5850000,1
34287.941252975,4,1370558,3,5850000,1
34287.941252975,4,1668565,5,5850000,1
34287.941252975,4,2117274,8,5850000,1
34287.941309783,1,19280232,100,5848800,1
34287.941320612,1,19280236,50,5850700,-1
34287.941353718,3,19280236,50,5850700,-1
34287.94989805,1,19280485,100,5848900,1
34287.950037619,3,19280232,100,5848800,1
34287.955687493,3,19280485,100,5848900,1
34287.979119142,3,3647228,98,5850000,1
34287.979275386,3,19278039,18,5854800,-1
34287.979276452,3,19278036,18,5855100,-1
34287.979277,3,19278040,18,5854900,-1
34287.979277385,3,19278038,18,5855000,-1
34287.979293951,3,19278089,18,5854500,-1
34287.979295704,3,19278085,18,5854700,-1
34287.979849708,3,3647230,6,5850000,1
34287.98018607,3,3647231,10,5850000,1
34287.980545131,3,3647232,5,5850000,1
34287.980704158,3,3647233,3,5850000,1
34287.980877158,3,3647235,10,5850000,1
34287.981081378,3,3647236,5,5850000,1
34287.981387833,3,3647237,5,5850000,1
34287.981733481,3,18401824,50,5850000,1
34287.98195981,3,19278155,100,5852800,-1
34287.984270941,1,19281448,200,5852700,-1
34287.991600026,1,19281684,66,5850000,1
34287.992323351,1,19281706,6,5850000,1
34287.992683726,1,19281711,10,5850000,1
34287.993187033,1,19281740,5,5850000,1
34287.993589526,1,19281750,3,5850000,1
34287.993934427,1,19281754,10,5850000,1
34287.994244714,1,19281761,5,5850000,1
34287.994584668,1,19281765,5,5850000,1
34287.994910916,1,19281773,50,5850000,1
34288.028342634,3,2117274,22,5850000,1
34288.029080828,3,2127309,5,5850000,1
34288.029185369,3,2776078,5,5850000,1
34288.029388919,3,3549791,36,5850000,1
34288.029553147,3,3561189,1,5850000,1
34288.029710803,3,3585371,10,5850000,1
34288.029891221,3,11592601,15,5850000,1
34288.030049884,3,12136452,1,5850000,1
34288.065893097,1,19285462,20,5852700,-1
34288.067309636,3,19279150,100,5852700,-1
34288.170764629,3,19285462,20,5852700,-1
34288.170941419,1,19289141,20,5851200,-1
34288.20158296,3,19281448,200,5852700,-1
34288.204018241,1,19290469,100,5851200,-1
34288.232230903,1,19291356,100,5851500,-1
34288.258822569,5,0,100,5850100,1
34288.260860036,4,3184267,5,5850000,1
34288.260860036,4,3688678,65,5850000,1
34288.260860036,4,4406694,6,5850000,1
34288.260860036,4,4725562,24,5850000,1
34288.337563927,4,4725562,1,5850000,1
34288.337563927,4,4726308,6,5850000,1
34288.337563927,4,4727127,8,5850000,1
34288.337563927,4,4731365,10,5850000,1
34288.337563927,4,6057645,175,5850000,1
34288.394703981,4,6057645,125,5850000,1
34288.394703981,4,7552794,40,5850000,1
34288.394703981,4,10138545,135,5850000,1
34288.724689483,1,19300125,300,5850400,-1
34288.724858418,3,19291356,100,5851500,-1
34288.724858418,1,19300130,100,5850200,-1
34288.725015248,3,19289141,20,5851200,-1
34288.725140581,4,10138545,665,5850000,1
34288.725140581,4,10183494,2087,5850000,1
34288.725142609,1,19300137,20,5851000,-1
34288.725218205,4,10183494,1262,5850000,1
34288.725218205,4,18572243,50,5850000,1
34288.725218205,4,19281684,66,5850000,1
34288.725218205,4,19281706,6,5850000,1
34288.725218205,4,19281711,10,5850000,1
34288.725218205,4,19281740,5,5850000,1
34288.725218205,4,19281750,3,5850000,1
34288.725218205,4,19281754,10,5850000,1
34288.725218205,4,19281761,5,5850000,1
34288.725218205,4,19281765,5,5850000,1
34288.725218205,4,19281773,50,5850000,1
34288.725310169,1,19300154,50,5850100,-1
34288.725325865,1,19300155,100,5850100,-1
34288.725360959,3,19300130,100,5850200,-1
34288.725360959,1,19300157,100,5850100,-1
34288.725439872,4,19300154,50,5850100,-1
34288.725439872,4,19300157,50,5850100,-1
34288.725479499,4,16166175,2,5849900,1
34288.725479499,4,12727870,5,5849700,1
34288.72553753,3,19300157,50,5850100,-1
34288.72553753,1,19300164,50,5850100,-1
34288.725560496,1,19300166,50,5850100,-1
34288.725639165,3,19300164,50,5850100,-1
34288.725639165,1,19300171,50,5850100,-1
34288.725677485,4,19300166,50,5850100,-1
34288.725677485,4,19300171,50,5850100,-1
34288.726481689,4,8712887,23,5849500,1
34288.726568752,4,8712887,23,5849500,1
34288.726584723,4,8712887,4,5849500,1
34288.727028043,4,12962720,200,5849300,1
34288.727115472,4,12962720,13,5849300,1
34288.727131258,4,12962720,87,5849300,1
34288.727281691,1,19300225,200,5847900,1
34288.727895432,3,19300137,20,5851000,-1
34288.728020678,1,19300249,20,5850200,-1
34288.733526741,4,16261926,50,5849000,1
34288.733618791,1,19300531,100,5849900,-1
34288.734875658,3,19300155,100,5850100,-1
34288.740579773,3,19300225,200,5847900,1
34288.741291162,1,19300814,100,5847800,1
34288.747322702,1,19301101,200,5847900,1
34288.747356161,3,19300814,100,5847800,1
34288.747789452,3,19301101,200,5847900,1
34288.748472601,1,19301126,100,5847800,1
34288.75580231,3,19301126,100,5847800,1
34288.755808014,1,19301336,100,5847400,1
34288.75646861,1,19301355,100,5847400,1
34288.764996537,1,19301793,100,5851100,-1
34288.767812108,3,19290469,100,5851200,-1
34288.770969403,1,19301917,100,5849700,-1
34288.792972485,3,19301355,100,5847400,1
34288.792973233,3,19301336,100,5847400,1
34288.898286688,3,19300531,100,5849900,-1
34289.254417439,3,19300125,300,5850400,-1
34289.317897608,3,19301917,100,5849700,-1
34289.527049784,1,19314759,100,5849500,-1
34289.619104184,3,19243491,100,5846700,1
34289.624474903,1,19315958,100,5839600,1
34289.789002129,3,16182611,200,5873000,-1
34289.818734718,3,19314759,100,5849500,-1
34289.843683099,3,19301793,100,5851100,-1
34289.884308585,1,19320445,100,5849700,-1
34290.32909094,1,19329655,5,5847100,1
34290.611030563,4,2117277,20,5848000,1
34290.611113017,1,19333486,100,5849300,-1
34290.611600353,4,19329655,5,5847100,1
34290.611704424,1,19333505,200,5845900,1
34290.611902228,1,19333511,100,5855400,-1
34290.632104133,3,19333505,200,5845900,1
34290.676505816,1,19334350,100,5846200,1
34290.733431335,3,19320445,100,5849700,-1
34290.736078392,1,19335255,100,5849000,-1
34290.772944252,3,19334350,100,5846200,1
34290.775283635,3,19333486,100,5849300,-1
34291.033125417,4,877391,10,5846900,1
34291.033125417,5,0,3,5846900,1
34291.033125417,5,0,23,5846800,1
34291.033219724,1,19340875,100,5848600,-1
34291.046208367,5,0,27,5846700,1
34291.046208367,4,11438128,73,5846500,1
34291.19828947,3,19340875,100,5848600,-1
34291.200875325,3,19335255,100,5849000,-1
34291.201629162,3,19333511,100,5855400,-1
34291.201814879,1,19344565,100,5856400,-1
34291.20224033,1,19344598,200,5851200,-1
34291.202281526,3,19274908,100,5855400,-1
34291.20324552,1,19344648,100,5848400,-1
34291.204057184,3,19344648,100,5848400,-1
34291.209983199,4,11438128,200,5846500,1
34291.316593761,3,19315958,100,5839600,1
34291.383497365,1,19350973,100,5858200,-1
34291.466544724,1,19352093,200,5850000,-1
34291.475252344,2,19344598,100,5851200,-1
34291.475943484,1,19352255,100,5851200,-1
34291.478065009,3,19352255,100,5851200,-1
34291.478937805,3,19344598,100,5851200,-1
34291.478944822,1,19352277,100,5851300,-1
